4097 5080
1728 224 2163 295 -15-

487 424 674 497 euius
741 424 889 515 ipse
948 423 1201 494 Curtius
1270 423 1337 510 (l.
1387 424 1427 494 l.
1476 447 1538 515 p.
1587 424 1696 501 55,
1742 448 1808 492 ιι.
1860 423 1925 510 1)
1996 423 2376 510 meminit¹)‚
2431 434 2821 517 prytaneum
2882 421 3270 513 Delphicum
3331 422 3396 492 in

487 541 747 611 duobus
797 542 988 611 titulis
1034 553 1463 610 memoratum
1502 540 1605 625 ,(ιι.
1652 539 1903 609 Ulrichs
1949 540 2185 608 Reisen
2234 563 2296 607 u.
2330 540 2794 631 Forschungen
2838 541 2884 621 Ι,
2932 562 2999 629 p.
3046 536 3152 616 67,
3201 563 3265 607 n.
3312 536 3399 604 20

487 670 553 727 et
597 658 913 729 Wescher
972 668 1038 727 et
1090 659 1372 729 Foueart
1429 656 1856 745 Inscriptions·
1912 654 2284 725 recueillies
2334 654 2371 723 a
2416 655 2706 743 Delphes
2777 679 2835 723 n.
2897 655 3056 741 472)
3120 676 3158 723 a
3218 655 3399 724 curia

487 795 683 866 quam
754 776 1086 851 nominant
1154 771 1535 842 Plutarchus
1608 773 1722 857 (de
1785 764 1971 864 Pyth.
2028 793 2208 841 orac.
2277 772 2346 858 9)
2426 785 2493 840 et
2567 773 2867 842 Clemens
2928 771 3397 841 Alexandrinus

490 889 736 976 (strom.
785 893 831 972 l,
879 914 944 982 p.
993 889 1150 977 304)
1200 892 1360 960 intra
1408 890 1570 959 fines
1617 889 1893 979 periboli
1938 888 2251 978 Apollinis
2300 887 2420 956 sita
2455 889 2787 957 diuersum
2821 910 2950 957 non
2983 890 3183 956 fuisse
3215 899 3397 957 recte

486 1007 793 1076 statuisse
841 1007 1102 1076 uidetur
1130 1006 1409 1076 Ulrichs:
1460 1018 1526 1073 at
1556 1006 1654 1074 fac
1688 1005 1861 1076 idem
1894 1005 2097 1073 fuisse
2129 1018 2324 1095 atque
2360 985 2605 1072 tholum
2636 1026 2676 1072 a
2709 1004 3054 1074 Theodoro
3091 1005 3395 1074 Phocaeo

488 1122 886 1213 descriptam
934 1123 1204 1208 (Vitruu.
1254 1123 1456 1213 praes.
1504 1122 1667 1208 Vll),
1729 1143 1901 1213 quae
1955 1122 2149 1190 Curtii
2198 1132 2300 1190 est
2345 1122 2663 1189 sententia
2727 1119 2795 1206 (l.
2843 1122 2884 1187 l.
2934 1144 2995 1211 p.
3045 1122 3184 1207 57),
3236 1122 3392 1212 quid

486 1251 587 1308 est
632 1238 811 1330 quod
859 1261 981 1308 nos
1027 1251 1221 1330 cogat
1267 1252 1336 1308 ut
1379 1238 1547 1308 hanc
1595 1239 1841 1308 tholum
1888 1253 2068 1309 extra
2116 1239 2391 1329 periboli
2439 1238 2602 1307 fines
2649 1238 2732 1307 ad
2779 1240 2985 1307 sorum
3029 1239 3209 1307 urbis
3240 1241 3396 1309 Del-

483 1355 762 1445 phorum
809 1356 1266 1425 collocemus?
1345 1357 1546 1425 Porro
1596 1356 1872 1445 Megaris
1921 1366 2308 1448 prytaneum
2355 1376 2482 1423 non
2533 1355 2773 1422 initium
2820 1357 2938 1423 sori
2987 1355 3394 1444 designasse,

484 1482 555 1539 ut
600 1471 688 1540 ait
733 1471 985 1540 Curtius
1036 1472 1106 1558 (1.
1159 1473 1199 1540 1.
1249 1495 1313 1561 p.
1362 1473 1506 1558 55),
1573 1473 1694 1541 sed
1744 1473 1960 1563 platea
2016 1472 2233 1563 aliqua
2292 1472 2761 1585 interposita'a
2819 1471 2960 1540 foro
3021 1483 3392 1562 separatum

484 1587 718 1667 fuisse,
792 1610 831 1657 e
894 1588 1258 1657 Pausaniae
1329 1588 1399 1673 (1,
1445 1586 1555 1667 42,
1602 1587 1672 1672 ὃς
1721 1587 1829 1663 43,
1878 1589 1946 1675 2)
2013 1589 2309 1657 locorum
2366 1588 2804 1677 descriptione
2863 1608 3187 1677 apparere
3242 1587 3394 1655 mihi

486 1703 764 1773 uidetur.
856 1705 994 1772 Nec
1054 1703 1140 1793 de
1196 1703 1438 1793 Siphno
1501 1715 1630 1773 tam
1678 1715 1857 1773 certo
1906 1726 2100 1795 quam
2151 1704 2406 1772 Curtius
2456 1704 2525 1790 (Ι.
2574 1705 2612 1771 Ι.
2662 1727 2725 1793 p.
2775 1703 2888 1790 55)
2937 1715 3119 1793 putat
3164 1715 3393 1795 pryta-

487 1838 683 1888 neum
731 1818 814 1887 ad
863 1821 1069 1910 ipsam
1115 1820 1241 1888 sori
1281 1821 1635 1909 marginem
1697 1823 1980 1911 positum
2037 1820 2237 1888 fuisse
2297 1831 2584 1889 constat:
2664 1821 2793 1889 imo
2850 1842 2996 1889 cum
3056 1822 3390 1893 oraculum

486 1935 571 2004 ab
614 1935 948 2005 Herodoto
983 1936 1118 2023 (111,
1169 1937 1283 2023 57)
1314 1939 1684 2009 ,memoriae
1724 1939 2022 2007 traditum
2070 1933 2434 2023 πρυτανήῖα
2479 1934 2677 2003 λευκά
2719 1949 2981 2026 praeter
3023 1935 3394 2025 λεύκοφρυν

484 2047 736 2138 ἀγορήν
782 2053 1069 2122 nominet
1114 2065 1179 2123 et
1223 2054 1367 2144 ipse
1410 2043 1784 2125 Herod'otus
1830 2053 2078 2123 oraculi
2126 2053 2493 2143 explicandi
2525 2053 2755 2142 gratia
2815 2052 3043 2122 addat:
3107 2061 3277 2120 τοῖσι
3321 2050 3392 2122 δὲ

485 2171 824 2254 Σιφνίοισι
866 2159 952 2256 ἦν
995 2166 1138 2237 τότε
1181 2164 1222 2255 ἡ
1269 2166 1475 2256 ἀγορὴ
1522 2170 1658 2237 καὶ
1711 2167 1788 2237 τὸ
1843 2164 2248 2257 πρυτανὴῖον
2304 2169 2535 2260 Παρίῳ
2594 2170 2761 2260 λίθῳ
2813 2164 3169 2255 ἠσκημένα,
3240 2170 3393 2238 sim-

484 2286 713 2375 plicior
757 2286 920 2355 baec
965 2286 1171 2356 uerba
1226 2287 1684 2376 interpretandi
1733 2289 1894 2357 ratio
1951 2310 2030 2356 ea
2089 2301 2192 2357 est
2254 2299 2324 2355 ut
2389 2287 2600 2355 forum
2668 2287 3027 2376 porticibus
3098 2309 3136 2355 e
3201 2286 3389 2356 Pario

484 2424 807 2471 marmore
855 2404 1159 2473 extructis
1209 2403 1488 2472 cinctum
1536 2416 1601 2472 et
1647 2416 2065 2497 prytaneum,
2126 2405 2305 2495 quod
2351 2404 2587 2473 eodem
2634 2403 2831 2472 modo
2883 2415 3178 2473 ornatum
3226 2416 3383 2486 erat,

485 2530 667 2590 extra
712 2519 879 2591 fines
926 2520 1042 2589 sori
1088 2521 1277 2589 situm
1323 2520 1525 2590 fuisse
1580 2532 1961 2590 statuamus.
2053 2522 2348 2612 Denique
2418 2543 2549 2611 quo
2621 2521 2760 2591 iure
2829 2519 3083 2590 Curtius
3154 2543 3231 2591 ex
3305 2543 3388 2590 eo

484 2638 663 2727 quod
712 2638 1119 2708 Naucratitae
1173 2638 1259 2707 ad
1303 2650 1688 2730 prytaneum
1736 2638 2147 2707 adscendere
2207 2637 2506 2706 dicuntur
2565 2632 2936 2721 (ἀνελθόντι
2973 2638 3063 2716 εἰς
3103 2634 3184 2704 τὸ
3227 2661 3389 2725 πρυ-

481 2759 739 2820 τανεῖον
783 2753 1006 2823 Athen.
1053 2757 1134 2822 lv
1180 2776 1245 2844 p.
1285 2753 1457 2840 150⁸)
1509 2755 1919 2832 concluserit,
1968 2767 2357 2847 prytaneum
2390 2754 2519 2822 illic
2549 2775 2751 2844 supra
2797 2755 2873 2822 so
2891 2777 3057 2823 rum
3104 2756 3390 2845 positum

481 2868 712 2948 fuisse,
761 2870 864 2938 alii
914 2871 1214 2940 uiderint:
1288 2870 1598 2961 equidem
1645 2869 1774 2939 hoc
1820 2882 2063 2939 tantum
2110 2870 2436 2960 interrogo
2484 2870 2639 2961 quid
2687 2892 2808 2939 nos
2867 2870 3177 2961 impediat
3221 2894 3390 2963 quo-

480 2985 693 3055 minus
740 2986 896 3055 illud
943 2988 1005 3054 in
1050 3007 1205 3055 arce
1253 2988 1537 3075 positum
1585 2988 1784 3055 fuisse
1832 2986 2326 3055 existimemus?
2675 2989 2680 2994 ’

660 3103 795 3171 Sed
843 3103 967 3171 iam
1016 3102 1171 3170 satis
1220 3103 1729 3171 demonstratum
1776 3124 1928 3172 esse
1975 3115 2134 3193 puto
2180 3104 2391 3193 legem
2425 3123 2463 3171 a
2497 3103 2714 3171 Curtio
2761 3104 2951 3172 latam
2998 3124 3171 3194 quae
3219 3126 3382 3196 pry-

476 3229 669 3289 tanea
716 3218 970 3287 urbium
1019 3240 1402 3308 graecarum
1449 3240 1600 3288 cum
1644 3219 1800 3287 foris
1848 3231 2025 3288 arcte
2058 3219 2513 3308 coniungenda
2561 3241 2714 3288 esse
2762 3220 2964 3300 iubet,
3015 3221 3189 3288 nulla
3235 3241 3386 3289 cer-

478 3343 687 3402 torum
720 3336 1230 3406 testimoniorum
1262 3338 1642 3405 auctoritate
1686 3335 2080 3405 confirmari:
2137 3356 2265 3425 qua
2298 3335 2551 3404 sublata
2598 3357 2744 3405 cum
2779 3339 2888 3405 toti
2920 3336 3386 3405 ratiocinationi

482 3447 624 3516 eius
671 3453 861 3540 quasi
904 3453 1390 3521 fundamentum
1423 3452 1822 3520 subtractum
1858 3451 1957 3530 sit,
2007 3473 2135 3519 non
2185 3463 2286 3519 est
2334 3452 2511 3542 quod
2547 3454 2610 3520 in
2641 3453 3085 3522 examinandis
3117 3455 3384 3544 singulis

481 3565 779 3653 quamuis
828 3565 1162 3654 ingeniose
1226 3569 1504 3637 inuentis
1568 3568 1805 3635 diutius
1866 3568 2300 3636 immoremur.
2398 3568 2659 3636 Omissa
2709 3569 2897 3658 igitur
2944 3569 3384 3660 disputatione

481 3700 678 3769 quam
725 3681 984 3750 sincero
1033 3684 1318 3752 ueritatis
1365 3683 1776 3774 indagandae
1840 3682 2075 3763 studio,
2132 3706 2262 3752 non
2319 3706 2524 3754 caeco
2581 3698 2946 3754 nostrarum
3009 3687 3384 3776 opinionum

480 3816 702 3865 amore
751 3796 984 3866 ductos
1031 3820 1152 3867 nos
1200 3800 1550 3870 instituisse
1598 3800 1997 3890 profitemur,
2048 3801 2113 3869 id
2159 3821 2430 3892 agamus
2479 3802 2657 3893 quod
2703 3802 2893 3871 huius
2936 3801 3132 3870 libelli
3167 3803 3382 3871 titulus

480 3911 747 3982 indicat:
795 3925 863 3982 ut
903 3935 1306 4005 exponamus
1345 3938 1476 4008 quo
1516 3928 1753 3986 euentu
1789 3916 1872 3985 ab
1906 3917 2343 3986 uniuersitatis
2376 3932 2638 3987 nostrae
2675 3919 2928 3988 ciuibus
2963 3919 3045 3988 de
3081 3918 3381 4009 praemiis

477 4030 742 4121 publice
794 4034 1148 4125 propositis
1204 4046 1519 4104 certatum
1581 4036 1662 4103 sit
1726 4047 1928 4127 utque
1993 4057 2202 4105 nouas
2266 4037 2686 4128 quaestiones
2744 4038 2840 4108 eis
2887 4036 3381 4127 pertractandas

480 4150 883 4219 mandemus.

328 3161 347 3202 't

662 4361 702 4434 ¹)
740 4368 914 4434 Digna
952 4373 1080 4421 sunt
1115 4383 1253 4434 quae
1289 4374 1550 4422 notentur
1585 4371 1753 4423 uerba
1792 4371 1986 4436 quibus
2025 4372 2127 4422 bac
2164 4370 2231 4422 de
2268 4385 2328 4423 re
2366 4371 2536 4424 utitur
2573 4367 2822 4423 Curtium
2879 4369 3012 4423 »Ein
3049 4370 3379 4438 Prytaneion

483 4452 625 4507 ohne
662 4456 841 4521 Agora
881 4461 1011 4510 liisst
1045 4460 1163 4511 sich
1200 4460 1479 4511 vielleicht
1502 4462 1553 4511 ln
1582 4461 1830 4526 Olympia
1860 4462 2167 4512 annehmen
2206 4462 2384 4522 (Paus-
2423 4462 2484 4522 V,
2525 4470 2606 4523 15,
2648 4461 2724 4523 8),
2762 4464 2895 4513 aber
2932 4463 3053 4513 bier
3089 4477 3204 4513 war
3239 4463 3377 4512 auch

481 4543 642 4597 keine
679 4546 1172 4613 Stadtgemeinde«.
1235 4549 1402 4613 Quasi
1440 4562 1574 4601 uero
1611 4551 1921 4616 ambiguom
1957 4551 2029 4601 sit
2069 4549 2370 4602 Pausaniae
2409 4550 2781 4602 testimonium
2833 4555 2890 4603 et
2926 4565 3036 4603 non
3075 4550 3379 4603 certissime

480 4636 717 4695 autnon,
752 4642 1073 4703 prytaneum
1110 4638 1435 4693 Eleorum
1472 4638 1757 4707 Olympiae
1795 4640 1851 4691 in
1886 4637 2069 4691 Altide
2107 4637 2303 4692 suisset
