4097 5080
1743 243 2132 310 ...7-

490 462 840 541 utrumque
887 446 972 516 ad
1020 446 1284 515 diuersa
1332 425 1628 534 tempora
1679 441 2099 511 referendum
2149 461 2302 510 esse
2356 452 2642 522 censeat,
2661 440 2712 527 ¹)
2760 440 3164 531 respondeo.
3222 440 3399 510 nullo

493 566 691 636 modo
737 563 1052 635 credibile
1083 583 1236 631 esse
1274 571 1550 630 statuam
1583 559 1845 649 publice
1886 559 1948 628 in
1979 557 2298 627 honorem
2329 557 2448 625 uiri
2482 557 2567 626 de
2606 557 2865 627 ciuitate
2907 559 3149 647 optime
3195 561 3399 629 meriti

495 685 767 753 dicatam
815 680 900 749 ab
946 702 1029 749 eo
1078 680 1226 748 loco
1289 699 1421 769 quo
1491 677 1697 745 semel
1764 675 2111 744 constituta
2168 676 2375 741 fuerat
2437 685 2756 742 remotam
2822 687 3018 765 atque
3081 675 3143 743 in
3205 675 3399 744 alium

497 822 625 869 non
671 799 756 867 ita
803 798 997 886 longe
1046 794 1130 864 ab
1179 795 1286 862 illo
1337 794 1679 862 distantem
1725 791 2100 859 translatam
2162 811 2345 874 esse;
2418 791 2823 880 aptissimum
2881 802 3094 859 autem
3143 792 3401 860 Pindari

495 927 745 985 statuae
774 915 977 982 fuisse
1006 913 1182 981 illum
1216 913 1431 1002 ipsum
1462 911 1676 978 locum
1710 909 1771 976 in
1803 930 1935 1000 quo
1966 909 2325 976 Pausanias
2359 929 2504 975 eam
2537 907 2713 983 uidit,
2762 908 3007 999 quippe
3040 910 3399 997 proximum

497 1031 877 1102 orchestrae
923 1031 984 1098 in
1031 1049 1162 1119 qua
1207 1037 1463 1096 cantata
1509 1037 1693 1094 erant
1738 1024 2022 1093 carmina
2072 1022 2460 1093 Athenarum
2508 1023 2768 1092 laudem
2809 1023 3150 1113 magnifice
3197 1026 3406 1094 extol-

495 1147 692 1217 lentia
748 1147 858 1231 (cs.
919 1145 1175 1214 Pindari
1229 1146 1347 1234 srg.
1404 1167 1466 1211 n.
1527 1140 1615 1209 46
1663 1155 1729 1211 et
1769 1141 1855 1207 47
1918 1142 2025 1210 ed.
2072 1138 2333 1230 Bergk.)
2390 1140 2476 1209 ob
2524 1161 2697 1231 quae
2743 1153 3008 1231 poetam
3056 1142 3407 1209 multarunt

499 1262 808 1340 Thebani,
855 1261 1249 1331 honorarunt
1295 1258 1756 1339 Athenienses,
1828 1260 1911 1328 ita
1971 1270 2043 1326 ut
2099 1259 2311 1327 statim
2370 1258 2455 1326 ab
2503 1258 2676 1326 initio
2724 1279 2854 1327 non
2900 1259 3026 1328 alio
3072 1260 3222 1328 loco
3268 1271 3406 1328 sta·-

421 1355 429 1363 ’
502 1392 676 1450 tuam
721 1380 893 1448 illam
939 1379 1218 1469 positam
1264 1397 1416 1447 esse
1460 1376 1612 1444 mihi
1659 1396 2054 1467 persuasum
2100 1376 2200 1443 sit.

678 1498 811 1564 Iam
858 1496 915 1563 si
959 1496 1203 1563 nullum
1252 1494 1416 1561 inter
1460 1491 1783 1582 porticum
1829 1490 2569 1582 regiam'templumque
2599 1490 2814 1559 Martis
2861 1491 3167 1561 intererat
3221 1492 3404 1560 aedi-

500 1611 737 1689 ficium,
783 1611 923 1680 fieri
968 1633 1098 1680 non
1145 1621 1364 1701 potest
1407 1610 1563 1701 quin
1610 1609 1927 1698 porticum
1959 1610 2132 1677 Iouis
2178 1609 2239 1676 in
2272 1609 2563 1676 orientali
2598 1609 2713 1676 fori
2748 1609 2949 1677 latere
2991 1631 3071 1677 ex
3118 1609 3403 1678 aduerso

502 1728 778 1819 porticui
824 1728 1045 1817 regiae
1092 1726 1370 1815 positam
1417 1724 1710 1814 suisse,²)
1780 1726 2167 1794 Pausaniam
2224 1726 2412 1815 igitur
2457 1745 2494 1793 a
2554 1725 2779 1793 statuis
2837 1725 3120 1794 Cononis
3179 1737 3244 1794 et
3300 1726 3406 1792 Ti-

504 1845 743 1915 mothei
777 1856 973 1935 atque
1004 1845 1346 1934 Euagorae
1378 1843 1690 1913 orientem
1722 1832 1958 1912 uersus
1992 1842 2079 1911 ad
2111 1853 2356 1911 statuas
2402 1842 2575 1911 Iouis
2623 1842 2969 1912 Eleutherii
3015 1854 3079 1911 et
3125 1841 3407 1933 impera-

503 1961 661 2029 toris
716 1960 1025 2029 Hadriani
1086 1961 1540 2051 porticumque
1595 1981 1770 2051 pone
1826 1962 1966 2028 illas
2026 1960 2304 2051 positam
2361 1982 2787 2050 progressum
2850 1981 3003 2028 esse
3072 1961 3402 2030 fateamur.

506 2078 601 2147 Ab
647 2078 772 2148 hac
816 2080 1074 2170 porticu
1120 2080 1411 2170 separari
1453 2101 1581 2148 non
1629 2089 1849 2169 potest
1893 2078 2100 2146 aedes
2134 2077 2444 2167 Apollinis
2474 2078 2689 2146 Patroi
2723 2078 2908 2146 cuius
2943 2099 3096 2147 area
3121 2078 3408 2161 -περί-

505 2198 706 2281 βολον
738 2196 886 2265 dico
932 2217 1128 2285 quem
1160 2207 1400 2266 uocant
1431 2196 1662 2264 Graeci
1687 2233 1773 2242 —
1798 2193 1949 2263 inde
1973 2193 2058 2262 ab
2091 2195 2381 2264 orientali
2415 2193 2532 2263 sori
2567 2195 2856 2285 margine
2890 2217 3101 2285 usque
3133 2195 3218 2263 ad
3260 2217 3405 2264 eam

507 2313 679 2381 uiam
700 2313 783 2381 ad
816 2333 1010 2404 quam
1042 2312 1370 2381 Mineruae
1394 2311 1862 2399 Archegetidos
1887 2312 2177 2399 porticus
2209 2322 2275 2379 et
2306 2311 2729 2402 Gymnasium
2761 2311 3065 2380 Hadriani
3100 2350 3183 2360 —
3213 2312 3409 2382 liceat

508 2429 677 2498 enim
722 2429 872 2498 mihi
921 2440 1102 2498 certo
1149 2428 1408 2497 nomiae
1439 2424 1528 2496 u'ti
1576 2428 1636 2495 in
1684 2449 1755 2496 re
1803 2450 1931 2497 non
1977 2449 2252 2517 prorsus
2300 2437 2479 2497 certa
2509 2464 2596 2474 —
2629 2428 2750 2495 sita
2801 2438 2984 2495 erant
3013 2428 3408 2518 pertinuisse

506 2546 782 2628 uidetur,
830 2547 914 2616 ita
962 2557 1030 2615 ut
1074 2545 1284 2615 antica
1333 2566 1486 2634 pars
1528 2545 1712 2613 aedis
1744 2546 1913 2613 hanc
1961 2566 2159 2637 quam
2207 2545 2334 2615 dixi
2381 2545 2584 2626 uiam,
2634 2546 2908 2635 postica,
2957 2567 3130 2637 quae
3176 2547 3408 2636 procul

510 2662 711 2732 dubio
760 2662 902 2752 ipsa
935 2683 1201 2754 quoque
1245 2662 1560 2730 columnis
1592 2672 1819 2732 ornata
1852 2673 2008 2738 erat,
2059 2663 2265 2731 sorum
2313 2672 2664 2752 spectaret.
2726 2662 2934 2732 Minus
2965 2673 3145 2733 recte
3192 2674 3408 2730 autem

509 2779 675 2848 hanc
720 2780 952 2850 aedem
1002 2778 1151 2847 olim
1201 2779 1708 2868 septentrionem
1754 2799 1990 2847 uersus
2050 2800 2086 2845 a
2136 2779 2386 2868 porticu
2447 2779 2622 2847 Iouis
2670 2779 3019 2859 collocaui‚
3069 2780 3246 2872 quod
3303 2801 3409 2848 me

509 2894 749 2963 fecisse
796 2894 948 2963 ideo
996 2914 1169 2962 nunc
1216 2894 1529 2983 poenitet,
1598 2896 1751 2984 quia
1810 2893 1939 2964 hoc
2000 2895 2199 2963 modo
2262 2894 2673 2984 perturbatur
2731 2895 2896 2964 ordo
2956 2895 3409 2986 descriptionis

511 3009 904 3093 Pausaniam
970 3032 1165 3100 quem
1213 3012 1267 3079 si
1314 3011 1464 3079 inde
1512 3033 1550 3079 a
1595 3012 1848 3102 porticu
1895 3013 2071 3081 Iouis
2117 3012 2455 3081 meridiem
2502 3033 2736 3080 uersus
2783 3032 3208 3102 progressum
3256 3034 3410 3081 esse

509 3125 888 3204 statuimus,
937 3126 1246 3214 Apollinis
1279 3128 1481 3196 aedes
1523 3148 1605 3195 eo
1653 3129 1788 3196 fere
1835 3129 1985 3197 loco
2031 3140 2134 3197 est
2179 3128 2563 3197 collocanda
2613 3149 2808 3219 quem
2855 3129 2917 3195 in
2964 3127 3183 3197 tabula
3228 3128 3410 3197 urbis

512 3244 709 3332 priori
774 3242 1227 3333 Geographiae
1289 3265 1476 3313 meae
1546 3245 1853 3313 uolumini
1924 3245 2178 3315 adiecta
2250 3243 2407 3333 (tab.
2467 3242 2542 3332 V)
2591 3244 2837 3313 obtinet
2891 3244 3100 3332 curia,
3173 3245 3411 3314 deinde

513 3360 826 3428 Metroum
873 3382 953 3429 eo
1001 3360 1147 3450 ipso
1194 3360 1342 3429 loco
1390 3360 1500 3451 qui
1549 3359 1609 3428 in
1642 3359 1861 3429 tabula
1908 3361 2013 3429 illa
2061 3362 2120 3428 ei
2168 3374 2270 3429 est
2298 3360 2696 3450 adsignatus,
2747 3360 2850 3428 cui
2891 3360 3158 3451 quidem
3191 3360 3414 3450 adsig-

515 3473 754 3541 nationi
799 3476 954 3566 quid
1002 3499 1151 3547 cum
1198 3477 1415 3568 aliqua
1461 3476 1932 3567 probabilitatis
1979 3478 2208 3567 specie
2252 3478 2497 3568 opponi
2545 3476 2753 3566 possit
2811 3498 3083 3565 prorsus
3141 3499 3269 3546 non
3315 3476 3414 3545 in-

698 3728 740 3803 ¹)
777 3734 834 3787 Si
873 3737 993 3800 quis
1029 3739 1158 3791 huic
1193 3743 1499 3795 sententiae
1535 3742 1697 3795 fldem
1737 3748 1964 3808 quaerat
2000 3743 2066 3796 e'x
2104 3744 2184 3796 eis
2222 3743 2406 3795 uerbis
2444 3755 2583 3808 quae
2629 3746 2757 3793 sunt
2791 3737 2884 3793 nul
2920 3726 2989 3809 ἦν
3025 3730 3168 3809 αὕτη
3211 3737 3304 3793 καὶ
3341 3738 3418 3803 εἰς

515 3814 663 3890 ἡμᾶς
698 3816 792 3886 ἔτι,
828 3838 1029 3878 moneo
1065 3842 1189 3880 eum
1226 3832 1363 3884 haec
1399 3834 1473 3884 ita
1510 3834 1797 3899 scripsisse
1845 3837 2124 3886 auctorem
2176 3834 2300 3898 quia
2355 3830 2685 3884 Aeschinem
2738 3845 2850 3883 non
2897 3832 3131 3896 amplius
3182 3829 3413 3884 Athenis

518 3914 613 3966 sed
652 3914 867 3967 exulem
905 3916 961 3967 in
999 3917 1194 3970 Rhodo
1232 3921 1407 3973 insula
1448 3922 1737 3987 degentem
1778 3923 1916 3974 hanc
1954 3923 2243 3987 epistulam
2282 3920 2497 3973 dedisse
2535 3920 2708 3987 fingit.

696 4000 739 4071 ¹)
780 4005 956 4057 Verba
995 4008 1190 4072 quihus
1230 4011 1405 4061 utitur‘
1426 4011 1785 4076 Harpocratio
1818 4008 1900 4085 -(p.
1932 4018 2020 4071 43,
2057 4018 2120 4064 19
2147 4012 2228 4064 ed.
2259 4009 2452 4075 Bekk.)
2478 4005 2579 4062 δύο
2612 4007 2710 4063 εἰσὶ
2735 4006 2888 4062 στοαὶ
2923 4003 3075 4076 παρ’
3100 4003 3417 4077 ἀλλήλας,

517 4083 611 4160 ἥτε
633 4092 735 4146 τοῦ
765 4087 1111 4162 Ἐλευθερίου
1135 4094 1269 4159 Διὸς
1301 4096 1395 4151 καὶ
1418 4092 1454 4166 ἦ
1478 4097 1765 4169 βασίλειος,
1796 4101 1922 4153 huic
1947 4102 2231 4170 utriusque
2258 4103 2502 4166 porticus
2528 4101 2786 4165 positioni
2813 4102 3021 4165 optime
3048 4103 3411 4164 conueniunt3

519 4197 845 4250 quamquam
893 4185 1055 4237 facile
1110 4188 1317 4252 largior
1362 4189 1550 4241 Curtio
1603 4188 1732 4257 (1.1.
1774 4206 1826 4256 p.
1865 4189 1954 4257 20)
2008 4191 2175 4243 etiam
2226 4192 2503 4242 aliam·ea
2551 4192 2838 4243 admittere
2891 4193 3420 4257 interpretationem.

520 4273 695 4326 Etiam
735 4276 791 4326 in
829 4273 1107 4342 Aristoph.
1147 4279 1280 4330 eccl.
1322 4286 1423 4334 685
1461 4271 1497 4346 ἦ
1530 4281 1682 4345 παρὰ
1719 4275 1931 4346 ταύτην
1969 4276 2100 4350 (τὴν
2134 4278 2428 4350 βασίλειον)
2467 4275 2623 4332 crocci
2663 4281 3026 4345 intellegenda
3054 4297 3175 4334 esse
3200 4283 3419 4334 uidetur

520 4367 761 4428 porticus
799 4366 963 4426 louis.
1005 4381 1113 4419 non
1151 4368 1441 4430 Theseum,
1480 4383 1617 4435 quae
1655 4370 1960 4435 explicandi
1997 4370 2138 4420 ratio
2176 4383 2206 4420 a
2245 4371 2536 4422 scholiasta
2576 4376 2801 4436 propter
2842 4370 2891 4423 Θ
2928 4373 3165 4424 litteram
3205 4374 3418 4438 excogi-

524 4456 633 4504 tata
670 4455 873 4521 duplici
912 4457 979 4509 de
1017 4470 1178 4510 causa
1225 4459 1500 4510 reicienda
1546 4465 1658 4512 est:
1706 4474 1884 4525 neque
1932 4461 2082 4517 euim
2128 4460 2399 4512 Theseum
2446 4465 2556 4512 tam
2604 4463 2970 4526 propinquum
3017 4467 3135 4514 erat
3180 4463 3416 4528 porticui

522 4543 705 4607 regiae
751 4549 810 4597 ut
844 4542 999 4614 παρὰ
1033 4543 1240 4615 ταύτην
1278 4549 1516 4613 positum
1554 4549 1661 4601 dici
1700 4551 1885 4614 possit,
1926 4563 2104 4614 neque
2141 4550 2425 4616 quisquam
2462 4550 2735 4604 Theseum
2786 4554 3057 4616 porticum
3106 4552 3443 4623 appellauit..
