4097 5080
1969 215 2235 286 -.10
2329 257 2405 271 ..

739 434 891 483 esse
935 415 1158 493 fateor,
1207 414 1604 505 periegetam
1653 415 1889 484 eadem
1933 416 2183 485 ratione
2232 417 2292 485 in
2338 417 2809 507 perlustrandis
2867 419 3030 488 locis
3076 442 3264 489 usum
3311 442 3465 491 esse
3510 442 3643 513 qua

735 531 798 599 in
847 530 1298 600 describendis
1345 542 1630 601 utentem
1676 553 1825 600 eum
1877 532 2198 601 uidemus.
2269 535 2492 603 Statuo
2541 534 2732 624 igitur
2778 556 2948 614 eum,
2996 547 3130 605 toto
3179 538 3450 607 circuitu
3499 539 3640 609 eius

736 649 939 738 partis
995 647 1113 716 fori
1167 666 1339 739 quae
1382 659 1607 717 austro
1653 649 1924 738 propior
1984 661 2087 717 est
2140 649 2476 731 absoluto,
2545 671 2691 719 cum
2756 652 2838 719 ad
2887 653 3171 722 eundem
3230 655 3368 722 sere
3422 655 3641 726 locum

733 762 911 832 unde
955 763 1074 831 sori
1119 765 1489 855 periegesin
1536 786 1810 833 exorsus
1843 778 1982 833 erat
2012 766 2326 848 redisset,
2383 767 2760 859 priusquam
2794 767 2879 836 ad
2925 768 3191 837 alteram
3223 770 3341 837 fori
3391 784 3641 860 partem

735 882 1155 971 septentrioni
1218 884 1591 973 propiorem
1663 883 2048 952 uisitandarn
2106 905 2181 952 se
2245 885 2620 974 accingeret
2676 886 2899 954 relicto
2969 886 3107 953 soro
3163 886 3512 954 'meridiem
3578 897 3643 954 et

733 1000 1048 1067 orientem
1115 1020 1352 1067 uersus
1423 998 1783 1068 secundum
1854 1001 2172 1068 australes
2236 1001 2406 1070 arcis
2461 1002 2718 1070 radices
2774 1004 2886 1070 ad‘
2920 1003 3174 1070 Ilissum
3223 1023 3438 1094 usque
3486 1023 3642 1091 pro-

736 1135 1057 1203 gressum,
1107 1114 1256 1183 inde
1290 1115 1476 1183 simili
1520 1116 1762 1191 itinere.
1811 1135 1956 1184 eam
1991 1116 2268 1201 fortasse
2302 1117 2472 1184 uiam
2509 1138 2680 1207 quae
2716 1117 2931 1186 media
2964 1130 3066 1186 est
3097 1119 3261 1187 inter
3290 1120 3579 1212 Pnycem
3596 1118 3642 1199 ¹)

740 1243 806 1299 et
851 1234 1265 1323 Areopagum
1314 1246 1608 1303 secutum
1656 1234 1742 1302 ad
1793 1235 2125 1324 regionem
2161 1235 2448 1325 ,porticui
2495 1236 2715 1326 regiae
2763 1247 2828 1304 et
2873 1234 3261 1304 occidentali
3294 1234 3413 1303 sori
3460 1233 3641 1303 lateri

736 1348 1165 1439 propinquam
1191 1368 1587 1439 regressum,
1624 1350 1942 1441 deinceps
1974 1351 2203 1419 iterum
2242 1352 2304 1419 in
2331 1351 2534 1420 sorum
2563 1353 2995 1420 descendisse
3029 1350 3111 1418 ad
3147 1351 3413 1419 alteram
3445 1369 3639 1441 quam

696 1476 925 1534 antea
980 1465 1358 1554 neglexerat
1414 1478 1662 1555 partem
1719 1467 1860 1535 eius
1926 1467 2374 1556 spectandam.
2466 1469 2606 1536 Hoc
2663 1468 2830 1535 enim
2880 1478 3106 1536 contra
3150 1466 3435 1535 Curtium
3488 1466 3550 1553 (l.
3598 1465 3638 1533 l.

737 1604 799 1672 p.
847 1580 931 1647 23
980 1586 1098 1663 ss.)
1144 1583 1383 1650 acriter
1429 1582 1775 1665 contendo,
1825 1585 2064 1673 templa
2117 1585 2379 1653 Volcani
2427 1595 2493 1653 et
2525 1585 2790 1654 Veneris
2824 1582 3140 1652 Caelestis
3173 1583 3393 1672 paullo
3441 1600 3641 1671 supra

734 1697 1145 1767 occidentale
1202 1700 1320 1767 sori
1379 1699 1575 1777 latus,
1647 1700 1774 1769 hoc
1838 1712 1937 1769 est
2002 1701 2064 1768 in
2122 1701 2269 1769 cliui
2329 1701 2541 1769 Martis
2597 1699 2928 1768 radicibus
2988 1699 3071 1768 ad
3133 1698 3640 1788 septentrionem

735 1815 1270 1905 procurrentibus
1317 1827 1430 1884 aut
1475 1816 1539 1884 in
1586 1817 1754 1886 colle
1802 1818 2309 1908 septentrionem
2355 1840 2593 1887 uersus
2642 1817 2725 1885 ab
2784 1818 2891 1885 illo
2947 1828 3277 1906 porrecto,
3345 1816 3407 1882 in
3455 1814 3640 1883 cuius

737 1931 995 2021 planitie
1042 1932 1384 2021 superiore
1432 1932 1756 2001 Theseum
1804 1956 2071 2025 quoque
2120 1935 2308 2002 situm
2358 1947 2475 2013 est,
2525 1933 2726 2002 fuisse
2759 1932 3098 2011 collocata,
3149 1954 3280 2001 non
3327 1932 3641 2001 orientem

736 2047 1307 2137 septentrionalem
1354 2070 1591 2118 uersus
1639 2071 1677 2119 a
1722 2051 1884 2119 soro.
1946 2053 2109 2119 Nam
2157 2051 2211 2119 si
2260 2071 2494 2118 reuera
2540 2071 2621 2119 eo
2671 2051 2819 2119 loco
2868 2051 3081 2139 posita
3128 2050 3398 2117 fuissent
3444 2069 3640 2139 quem

739 2165 798 2232 in
845 2164 1064 2233 tabula
1130 2165 1350 2234 libello
1398 2187 1522 2236 suo
1579 2169 1832 2237 adnexa
1892 2168 1988 2236 eis
2035 2168 2362 2257 adsignari
2423 2168 2606 2236 iussit
2663 2167 2944 2246 Curtius,
3018 2167 3417 2255 ineptissime
3478 2184 3640 2233 sane

739 2279 1005 2348 dixisset
1062 2282 1421 2351 Pausanias
1480 2304 1561 2351 ea
1616 2277 1782 2371 ὑπὲρ
1834 2280 1953 2350 τὸν
2010 2280 2413 2369 Κεραμεικὸν
2480 2283 2586 2349 καὶ
2648 2280 2886 2351 στοὰν
2946 2278 3083 2369 τὴν
3147 2278 3643 2367 καλουμένην

737 2398 1164 2481 βασίλειον
1211 2419 1384 2478 esse,
1433 2399 1679 2490 quippe
1727 2410 1857 2468 tota
1902 2402 2019 2468 l'ori
2069 2400 2400 2469 latitudine
2433 2401 2710 2490 amplius
2740 2422 2779 2468 a
2810 2399 3064 2487 porticu
3105 2398 3286 2487 regia
3320 2397 3638 2466 distantia.

737 2513 1005 2583 Accedit
1039 2515 1217 2606 quod
1244 2513 1409 2585 haec
1441 2515 1685 2607 templa
1713 2515 1774 2584 in
1807 2515 1978 2585 cliuo
2010 2517 2127 2585 sori
2162 2512 2499 2603 (Κολωνὸν
2523 2510 2832 2603 ἀγοραῖον
2855 2513 3160 2585 dicebant
3188 2511 3639 2592 Athenienses)

921 2806 962 2879 ¹)
998 2812 1237 2878 Pnycem
1284 2827 1409 2865 eum
1449 2813 1645 2865 collem
1685 2814 1808 2866 dico
1853 2815 1944 2879 qui
1998 2815 2211 2866 medius
2268 2820 2351 2866 est
2404 2816 2548 2865 inter
2604 2814 2852 2866 museum
2910 2818 2965 2864 et
3020 2812 3214 2863 collem
3271 2811 3639 2876 Nympharum

739 2915 900 2966 quem
940 2902 1104 2968 uolgo
1142 2903 1358 2955 dicunt:
1419 2905 1507 2955 cui
1545 2917 1644 2954 cur
1681 2905 1843 2955 etiam
1882 2908 2006 2969 post
2043 2919 2106 2956 ea
2156 2918 2293 2969 quae
2350 2903 2566 2957 Curtius
2620 2905 2674 2954 in
2732 2904 2916 2968 priore
2965 2875 3278 2953 Stutflorum
3332 2897 3637 2950 Atticorum

737 2992 1004 3055 particula
1042 2988 1314 3058 (Attische
1352 2994 1599 3045 Studien.
1645 2993 1794 3058 Pnyx
1822 2994 1932 3045 und
1959 2993 2324 3046 Stadtmauer.
2372 2994 2668 3059 Giittingen
2712 2989 2872 3060 1862)
2911 2992 2978 3044 de
3018 2997 3266 3043 ueterum
3304 2991 3632 3053 scriptorum

739 3081 1066 3132 testimoniis
1104 3081 1280 3147 deque
1317 3083 1562 3149 reliquiis
1600 3097 1776 3148 nuper
1814 3085 1869 3135 in
1908 3085 2004 3136 illo
2041 3085 2166 3135 loco
2212 3085 2466 3149 auspiciis
2516 3083 2660 3147 regis
2711 3083 3077 3134 Borussorum
3131 3082 3302 3132 erutis
3357 3078 3636 3147 dissecuit,
3731 3107 3740 3122 ι

736 3173 893 3219 uetus
932 3169 1063 3220 illud
1103 3183 1304 3222 nomen
1345 3172 1729 3223 uindicandum
1757 3187 1878 3224 esse
1904 3187 2177 3235 censeam,
2218 3188 2318 3238 pro
2356 3187 2509 3224 more
2534 3186 2657 3223 meo
2685 3172 2928 3224 breuiter
2953 3171 3175 3235 exposui
3210 3172 3264 3221 in
3293 3167 3631 3234 ephemerid.

738 3257 966 3308 litterar.
1004 3272 1036 3310 a
1072 3259 1338 3310 Zarnckio
1378 3260 1537 3312 editis
1574 3275 1622 3312 a.
1665 3261 2068 3314 MDCCCLXIII
2105 3278 2156 3328 p.
2206 3270 2322 3315 ⁴112.
2401 3263 2541 3314 Huic
2592 3262 2918 3326 expositioni
2957 3274 3112 3312 meae
3151 3273 3289 3325 quae
3340 3272 3517 3322 nuper
3574 3256 3639 3307 ad

736 3348 1064 3398 sententiam
1103 3361 1257 3400 suam
1296 3349 1551 3401 tuendam
1589 3353 1846 3415 opposuit
1883 3352 2100 3403 Curtius
2151 3348 2231 3418 (in
2278 3351 2659 3403 additamentis
2708 3352 2774 3402 ad
2826 3352 3071 3415 priorem
3129 3345 3448 3402 Studiorum
3500 3345 3641 3397 Atti·

742 3449 932 3490 corum
972 3439 1295 3501 particulam
1334 3441 1634 3504 particulae
1673 3442 1831 3492 alteri
1869 3442 2092 3492 adnexis
2141 3456 2193 3506 p.
2238 3448 2303 3494 68
2343 3437 2409 3509 s.)
2463 3441 2658 3492 eodem
2715 3442 2851 3492 nitio
2907 3439 3160 3490 laborant
3213 3451 3321 3502 quo
3377 3449 3443 3488 ea
3501 3447 3640 3500 quae

737 3527 924 3591 priore
962 3527 1085 3579 loco
1122 3531 1450 3594 scripseram
1491 3532 1660 3582 uerba
1697 3531 1909 3582 scilicet
1947 3528 2176 3582 Clidemi
2214 3544 2244 3581 a
2281 3531 2573 3581 Plutarcho
2611 3531 2689 3590 (in
2726 3531 2840 3581 uita
2878 3528 3076 3580 Thesei
3116 3542 3163 3578 c.
3201 3524 3291 3594 27)
3330 3528 3487 3577 nobis
3524 3539 3639 3577 ser·

739 3621 861 3667 uata
900 3631 1008 3668 non
1055 3633 1121 3670 ex
1168 3619 1300 3669 artis
1338 3620 1549 3684 legibus
1587 3621 1682 3671 sed
1721 3633 1788 3672 ex
1825 3603 2066 3670 arbitrio’
2105 3632 2203 3669 suo
2255 3619 2673 3682 interpretatur,
2728 3632 2835 3683 quo
2890 3618 2979 3668 illa
3032 3631 3096 3668 ex
3147 3618 3226 3668 eis
3276 3616 3460 3667 eliciat
3504 3627 3642 3679 quae

738 3719 862 3757 eum
899 3708 1157 3771 opinione
1193 3722 1289 3759 sua
1323 3709 1693 3772 praeiudicata
1730 3712 2063 3774 congruant;
2106 3707 2557 3773 quemadmodum
2584 3722 2730 3758 nunc
2757 3708 3026 3757 Theseum
3054 3720 3176 3756 cum
3214 3704 3641 3756 Atheniensibus

737 3794 1071 3847 Amazonum
1111 3799 1413 3849 exercitum
1451 3812 1481 3850 a
1519 3798 1683 3850 dorso
1721 3799 1881 3850 simul
1918 3804 2080 3863 atque
2117 3812 2147 3849 a
2185 3799 2355 3849 latere
2392 3810 2671 3862 agressum
2710 3798 2765 3847 in
2806 3797 2922 3847 loca
2950 3796 3105 3861 plana
3134 3809 3305 3863 nsque
3330 3793 3396 3845 ad
3424 3798 3640 3858 portam

736 3886 855 3938 sere
892 3888 1243 3939 Piraeensem
1283 3889 1549 3953 repulisse
1585 3895 1788 3948 narrat,
1826 3891 1983 3942 cuius
2022 3889 2103 3940 rei
2141 3889 2197 3938 in
2236 3887 2464 3940 Clidemi
2503 3888 2687 3939 uerbis
2727 3900 2829 3938 nec
2867 3887 2988 3936 uola
3025 3899 3126 3937 nec
3153 3885 3444 3949 uestigium
3470 3897 3638 3948 appa·

738 3981 839 4029 ret.
916 3978 1263 4030 simillimum
1302 3984 1386 4031 est
1421 3979 1562 4044 quod
1603 3994 1664 4031 ex
1705 3993 1772 4031 eo
1810 3980 1950 4044 quod
1990 3979 2314 4030 Plutarchus
2352 3979 2572 4042 scripsit
2605 3973 2726 4042 περὶ
2763 3973 2866 4041 τὴν
2906 3971 3098 4027 Πνύκα
3132 3972 3224 4026 καὶ
3249 3970 3310 4026 τὸ
3339 3972 3635 4032 Μουσεῖον,

737 4082 849 4120 non
885 4066 977 4120 καὶ
1013 4067 1133 4136 περὶ
1160 4066 1223 4122 τό
1253 4069 1551 4133 Μουσεῖον,
1588 4070 1867 4121 concludit
1902 4071 2036 4120 haec
2075 4069 2194 4120 loca
2235 4082 2342 4119 non
2380 4068 2597 4119 diuersa
2635 4068 2731 4118 sed
2769 4071 2919 4118 arcte
2956 4069 3101 4117 inter
3139 4078 3201 4116 se
3238 4078 3443 4116 conexa
3472 4064 3640 4115 fuisse

738 4155 918 4224 (awei
941 4159 1169 4219 Punkte.
1195 4161 1406 4213 welche
1430 4162 1488 4212 ei
1505 4175 1538 4211 n
1554 4173 1626 4212 er
1651 4159 2013 4211 Oertlichkeit
2038 4155 2631 4224 angehoren·)—quod
2657 4170 2766 4222 quo
2795 4158 2913 4209 iure
2938 4155 3437 4220 dixeriteKrugeri
3461 4166 3641 4219 gram·

739 4251 936 4301 matica
972 4264 1169 4316 graeca
1206 4254 1242 4312 8
1282 4259 1368 4316 68,
1411 4259 1440 4304 9
1482 4251 1695 4303 discere
1729 4251 2056 4315 poterit—‚
2095 4263 2219 4299 cum
2255 4249 2438 4299 statim
2476 4253 2599 4312 post
2624 4247 2900 4298 Clidemus
2934 4251 3137 4302 narret.
3175 4245 3432 4297 dextrum
3471 4244 3636 4295 Ama·

736 4353 935 4391 sonum
976 4354 1147 4393 cornu
1182 4339 1324 4407 πρὸς
1359 4338 1459 4408 τὴν
1498 4336 1694 4393 Πνύκα
1728 4338 1871 4392 κατὰ
1893 4334 1994 4405 τὴν
2017 4334 2244 4402 Χρύσαν
2266 4339 2512 4393 uenisse.
2551 4338 2912 4388 Athenienses
2949 4341 3130 4387 antem
3159 4333 3268 4387 hoc
3299 4346 3642 4398 oppugnasse

737 4425 849 4484 ἀπὸ
885 4430 986 4485 τοῦ
1036 4431 1319 4484 Μουσείου
1363 4435 1485 4494 ταῖς
1520 4425 1764 4498 Ἀμαζόσι
1807 4425 2193 4495 συμπεσόντας.
2267 4428 2370 4479 Sed
2423 4428 2605 4480 taedet
2652 4441 2741 4479 me
2795 4428 2899 4478 iam
2950 4426 3153 4477 diutius
3191 4425 3247 4475 in
3285 4423 3389 4476 hac
3426 4428 3642 4476 contro·

736 4523 922 4574 nersia
956 4524 1188 4583 uersari,
1224 4537 1387 4589 qnam
1428 4523 1663 4575 libenter
1698 4522 1818 4574 aliis
1856 4521 1993 4573 uiris
2030 4520 2206 4571 doctis
2243 4517 2647 4570 diiudicandum
2683 4517 2955 4583 relinquo.
