4097 5080
2013 215 2403 284 ...6-

761 412 1180 481 directionem
1228 412 1377 481 uiae
1419 429 1596 505 'quae
1643 435 1683 482 a
1729 425 1915 506 porta
1958 415 2288 484 Piraeensi
2335 415 2420 484 ad
2467 417 2676 485 sorum
2726 413 3028 495 ducebat,
3078 425 3213 483 tum
3257 413 3526 483 alteram
3572 414 3660 483 ob

760 549 1026 597 causam
1077 528 1160 605 de
1208 550 1338 618 qua
1395 531 1607 598 statim
1662 531 2012 599 dicendum
2083 534 2222 600 erit.
2313 534 2390 599 At
2458 533 2649 622 longe
2709 532 3128 601 dissentimus
3197 531 3283 600 de
3343 531 3662 620 positione

760 646 1021 714 alterius
1071 646 1393 734 porticuS,
1453 647 1593 714 eius
1642 648 1892 715 scilicet
1935 669 2131 738 quam
2178 649 2533 717 Pausanias
2581 670 2753 738 pone
2798 659 3046 717 statuas
3093 650 3272 717 Iouis
3317 647 3692 729 Eleutherii,

762 774 829 831 et
872 763 1276 851 imperatoris
1309 762 1613 831 Hadriani
1658 764 1844 832 sitam
1892 764 2094 832 fuisse
2142 775 2357 832 narrat
2404 764 2490 848 (c.
2525 765 2584 846 3,
2636 766 2676 831 2
2709 765 2836 856 sq.)
2886 787 3217 857 quamque
3263 767 3460 856 uolgo
3507 788 3664 856 por-

761 879 954 946 ticum
1011 878 1577 947 louisEleutherii
1632 881 1736 947 uel
1794 881 2170 970 simpliciter
2215 879 2535 970 porticum
2578 882 2749 949 Iouis
2784 883 3171 973 appellatam
3218 903 3369 950 esse
3411 893 3666 952 constat

763 997 848 1079 (u.
895 997 1079 1064 locos
1139 1018 1307 1086 quos
1367 999 1543 1066 attuli
1601 998 1661 1065 in
1711 998 1947 1085 Geogr.
2006 999 2114 1066 Gr.
2161 1001 2213 1077 I,
2279 1021 2342 1087 p.
2404 998 2565 1080 282,
2625 1012 2758 1069 not.
2821 1002 2907 1086 1).
2999 999 3245 1067 Etenim
3294 1020 3444 1068 oum
3491 1000 3663 1067 Pau-

762 1113 979 1182 sanias
1035 1114 1247 1182 looum
1289 1136 1486 1205 quem
1532 1115 1695 1184 haec
1741 1115 2029 1205 porticus
2088 1115 2421 1183 obtinebat
2479 1115 2831 1184 admodum
2880 1116 3201 1206 ambiguis
3259 1116 3483 1184 uerbis
3545 1115 3663 1184 de-

762 1230 1099 1319 scripserit
1129 1231 1489 1316 (πλησίον
1517 1235 1630 1317 τῆς
1650 1232 2021 1317 [βασιλείου]
2057 1235 2249 1310 στοᾶς
2279 1228 2516 1299 Κόνων
2547 1230 2765 1319 ἕστηκε
2793 1282 2982 1300 .....
3003 1209 3401 1332 Ἐνταῦθα
3443 1229 3663 1319 ἕστηκε

767 1342 930 1424 Ζεὺς
949 1396 1141 1416 .....
1193 1344 1371 1413 Στοὰ
1429 1346 1498 1414 δὲ
1544 1345 1883 1415 ὄπισθεν
1940 1343 2399 1438 ᾠκοδόμηται),
2472 1349 2802 1440 quaeritur
2856 1373 3008 1417 num
3057 1351 3348 1439 proxima
3400 1371 3439 1418 a
3482 1350 3661 1439 regia

765 1463 1012 1551 porticu
1062 1474 1347 1531 austrum
1397 1486 1629 1532 uersus
1676 1485 1757 1531 an
1804 1485 1886 1532 ex
1932 1466 2215 1533 aduerso
2263 1466 2324 1532 in
2372 1466 2574 1533 latere
2631 1467 2750 1533 sori
2798 1467 2977 1558 quod
3038 1465 3353 1535 orientem
3411 1477 3666 1556 spectat

765 1590 1092 1647 exstructa
1136 1579 1343 1647 suerit.
1436 1581 1526 1648 Ac
1586 1581 1804 1668 negari
1855 1578 2118 1670 quidem
2166 1580 2387 1670 nequit
2433 1601 2575 1647 eam
2627 1601 2821 1671 quam
2866 1582 3085 1671 priore
3141 1583 3290 1651 loco
3354 1581 3478 1651 dixi
3540 1604 3662 1671 po·

763 1694 1078 1774 sitionem,
1129 1716 1325 1789 quam
1361 1696 1614 1763 Curtius
1658 1696 1931 1784 porticui
1963 1696 2135 1763 Iouis
2170 1696 2543 1785 assignauit,
2594 1698 2800 1786 primo
2847 1712 3024 1767 certe
3070 1698 3301 1768 obtutu
3352 1698 3660 1785 grauibus

765 1832 936 1900 quae
979 1812 1278 1879 uidentur
1309 1815 1526 1881 causis
1570 1814 2050 1883 commendari:
2100 1813 2309 1902 aptius
2344 1815 2513 1880 enim
2549 1815 2664 1882 iter
2695 1827 2961 1891 secutus
3010 1837 3161 1883 esse
3195 1814 3452 1885 uidetur
3495 1816 3662 1882 Pau·-

762 1926 980 1995 sanias
1027 1929 1080 1995 si
1129 1929 1189 1995 in
1221 1929 1457 1997 eodem
1490 1929 1607 1996 fori
1652 1929 1852 1996 latere
1884 1941 2172 1996 austrum
2219 1950 2453 1996 uersus
2503 1928 3062 2018 progrediebatur,
3110 1950 3306 2021 quam
3353 1930 3407 1997 si
3455 1930 3661 1997 statim

763 2043 846 2111 ad
905 2046 1175 2114 alterum
1224 2047 1389 2113 latus
1437 2044 1823 2129 transiebat3
1883 2068 2081 2135 porro
2144 2047 2454 2135 templum
2504 2046 2814 2136 Apollinis
2872 2046 3084 2115 Patroi
3146 2046 3324 2136 quod
3387 2044 3660 2135 porticui

762 2160 941 2226 Jouis
975 2162 1407 2252 propinquum
1441 2163 1642 2229 fuisse
1675 2173 1944 2230 testatur
1973 2162 2328 2230 Pausanias
2361 2168 2442 2245 (c.
2476 2162 2538 2243 3,
2587 2162 2630 2229 4
2675 2162 2780 2229 καὶ
2824 2163 3097 2248 πλησίον
3123 2213 3137 2229 .
3166 2213 3180 2228 .
3212 2216 3227 2230 .
3274 2161 3346 2228 ἐν
3388 2164 3479 2252 τῷ
3524 2163 3663 2251 ναῷ

764 2274 883 2343 τὸν
923 2272 1295 2347 Ἀπόλλωνα
1331 2283 1652 2370 Πατρῷον
1683 2277 2028 2364 ἐπίκλησιν)
2079 2280 2132 2345 si
2179 2279 2352 2347 iuxta
2400 2280 2570 2346 illam
2618 2280 2681 2347 in
2728 2280 3111 2349 occidentali
3161 2279 3276 2347 sori
3324 2289 3508 2368 parte
3549 2298 3664 2344 ex-

767 2405 1076 2462 structum
1110 2407 1266 2474 erat,
1314 2396 1679 2464 facillimum
1721 2417 1757 2463 a
1792 2398 1932 2464 soro
1965 2395 2208 2463 aditum
2237 2396 2767 2485 ingredientibus,
2819 2392 3321 2485 pulcherrimum
3356 2395 3474 2463 sori
3508 2415 3663 2484 pro-

765 2523 1065 2601 spectum
1112 2512 1596 2601 egredientibus
1644 2512 2022 2603 praebebat.
2118 2513 2287 2593 Quid
2345 2514 2563 2604 igitur,
2633 2523 2906 2604 quaerat
2950 2512 3214 2610 aliquis«,
3280 2523 3342 2580 te
3400 2510 3667 2601 impedit

768 2630 1114 2721 quominus
1161 2629 1284 2698 hac
1340 2631 1423 2699 de
1486 2653 1559 2700 re
1621 2632 1837 2700 Curtio
1885 2632 2304 2699 assentiaris?
2378 2632 2507 2699 Res
2561 2643 2663 2699 sat
2708 2651 2982 2721 magnae
3043 2630 3230 2698 molis
3271 2652 3468 2720 quam
3516 2631 3662 2699 loco

766 2768 888 2814 suo
937 2767 1204 2815 mouere
1253 2747 1525 2815 arduom
1559 2745 1705 2814 mihi
1755 2757 1884 2814 est:
1935 2746 2192 2814 Pindari
2239 2757 2511 2814 statuam
2560 2746 2728 2827 dico,
2780 2767 2974 2837 quam
3018 2745 3373 2814 Pausanias
3406 2749 3490 2827 (c.
3510 2744 3577 2820 8,
3602 2743 3666 2828 4)

764 2864 940 2933 circa
997 2866 1209 2932 Martis
1272 2865 1608 2953 templum,
1679 2875 1907 2931 auctor
1965 2863 2387 2951 epistularum
2448 2883 2620 2953 quae
2681 2861 2981 2930 Aeschini
3044 2862 3301 2930 nomine
3372 2862 3658 2929 seruntur

768 2981 895 3070 (ep.
942 2984 1041 3062 IV,
1089 2980 1155 3062 3)
1202 2992 1348 3049 ante
1398 2980 1715 3069 porticum
1772 2978 2014 3065 regiam
2063 2977 2342 3067 positam
2403 2978 2601 3046 fuisse
2651 2988 2995 3057 testantur,
3069 2997 3242 3068 quae
3302 2976 3666 3045 testimonia

752 3102 851 3168 ‘ita
898 3110 1139 3168 tantum
1185 3099 1349 3166 inter
1394 3118 1467 3165 se
1514 3096 1840 3164 conciliari
1889 3116 2091 3184 posse
2137 3094 2288 3161 mihi
2338 3096 2668 3174 uidentur,
2728 3105 2798 3162 ut
2841 3105 3117 3162 statuam
3165 3093 3337 3161 illam
3385 3092 3669 3160 medium

765 3219 980 3287 locum
1014 3217 1179 3284 inter
1208 3216 1517 3305 templum
1543 3226 1609 3281 et
1639 3213 1976 3303 porticum,
2013 3233 2185 3303 quae
2217 3212 2726 3300 septentrionem
2760 3231 2993 3278 uersus
3025 3209 3317 3300 proxima
3352 3229 3404 3276 a.
3423 3210 3666 3299 templo

768 3336 972 3414 suerit,
1009 3333 1365 3403 obtinuisse
1392 3332 1858 3414 existimemus3
1895 3353 1974 3399 ex
2001 3353 2132 3421 quo
2165 3342 2400 3420 sponte
2432 3342 2707 3421 apparet
2732 3331 2975 3398 nullum
3007 3330 3268 3397 omnino
3300 3327 3664 3396 aedificium

646 3469 657 3480 ·
771 3454 932 3521 inter
977 3454 1294 3543 porticum
1341 3451 1584 3540 regiam
1632 3462 1697 3518 et
1725 3450 1940 3516 Martis
1986 3449 2298 3537 templum
2330 3447 2532 3515 fuisse
2576 3447 3044 3537 interpositum,
3091 3444 3212 3512 sed
3260 3465 3479 3513 aream
3527 3455 3669 3512 tan-

769 3582 903 3637 tum
947 3571 1172 3638 statuis
1219 3570 1505 3637 uirorum
1553 3568 1892 3655 dignorum
1941 3567 2050 3656 qui
2099 3564 2528 3633 celeberrimo
2591 3566 2727 3632 sere
2788 3563 2963 3631 urbis
3021 3562 3170 3630 loco
3235 3571 3671 3629 statuerentur

770 3694 1081 3762 ornatam.
1167 3683 1575 3774 Quamquam
1623 3692 1839 3749 autem
1884 3681 2109 3748 nescio
2160 3679 2315 3769 quid
2364 3677 2639 3747 mouerit
2685 3677 2968 3744 Curtium
3024 3687 3094 3744 ut
3136 3676 3454 3767 epistulae
3504 3676 3668 3744 illius

770 3799 1202 3868 testimonium
1252 3821 1521 3887 prorsus
1571 3799 1965 3886 neglegeret,
2017 3797 2388 3864 coniectura
2437 3807 2652 3864 tamen
2699 3816 2987 3884 auguror
3033 3794 3269 3885 quibus
3315 3794 3670 3863 rationibus

768 3918 936 3985 hanc
982 3916 1603 4006 argumentationem
1648 3935 1860 3983 meam
1907 3914 2345 4004 oppugnaturi
2378 3914 2503 3981 sint
2548 3911 2929 4000 aduersarii.
2984 3911 3159 3978 Alius
3192 3911 3361 3977 enim
3391 3911 3667 3978 sortasse

769 4035 913 4104 testi
936 4036 1042 4125 qui
1063 4037 1207 4126 quis
1225 4035 1700 4123 fueritprorsus
1720 4033 2097 4122 ignoramus
2123 4031 2382 4098 omnino
2405 4031 2754 4121 quicquam
2773 4028 3176 4096 credendum
3194 4047 3345 4093 esse
3372 4026 3663 4117 negabit:

773 4155 875 4222 cui
922 4154 1050 4220 hoc
1082 4174 1372 4241 oppon0,
1421 4174 1501 4220 ex
1541 4152 1699 4240 ipsis
1741 4150 2061 4238 epistulae
2095 4147 2314 4216 uerbis
2364 4148 2701 4214 manifesto
2750 4164 3071 4234 apparere
3111 4154 3446 4212 auctorem
3489 4143 3670 4233 quis-

774 4271 919 4361 quis
967 4270 1248 4359 denique
1299 4270 1488 4336 suerit
1536 4305 1611 4315 -—
1665 4266 1983 4334 Rhodium
2031 4276 2249 4332 autem
2298 4265 2494 4331 fuisse
2545 4275 2699 4353 puto
2749 4263 2855 4353 qui
2906 4262 3302 4352 aliquantum
3359 4259 3669 4350 temporis

771 4386 1032 4456 Athenis
1081 4387 1334 4475 degerit
1370 4422 1446 4435 —-
1484 4396 1760 4453 statuam
1808 4383 1975 4450 illam
2024 4403 2219 4471 quam
2268 4392 2575 4449 accurate
2610 4378 2920 4447 describit
2966 4378 3178 4465 ipsum
3225 4376 3433 4444 oculis
3480 4398 3672 4444 usur-

773 4525 993 4593 passe.
1066 4501 1316 4582 Quodsi
1365 4524 1526 4572 uero
1573 4501 1737 4570 alius
1786 4502 2041 4591 utrique
2089 4499 2353 4590 quidem
2414 4498 2781 4567 testimonio
2841 4495 3037 4565 fidem
3084 4493 3487 4576 habendam,
3550 4493 3672 4562 sed
