4097 5080
1679 261 2081 327 ...5-

423 477 622 524 sensu
674 454 845 536 dicti,
894 455 1233 523 Ceramico
1281 456 1629 545 opponitur
1669 456 1772 523 uel
1823 467 2001 525 extra
2033 455 2209 524 illum
2242 455 2405 524 situs
2437 475 2592 523 esse
2624 454 2879 535 dicitur,
2933 456 3114 546 quod
3164 455 3334 523 Pau-

426 573 673 640 saniam
733 572 970 639 fecisse
1032 572 1242 660 arguit
1302 571 1587 650 CurtiuS,
1655 592 1803 639 cum
1869 573 2039 640 uiam
2102 573 2244 640 siue
2306 574 2588 663 plateam
2638 572 2836 650 illam,
2908 593 3102 662 quam
3164 573 3336 638 Pau-

394 689 643 778 ·sanias
688 713 729 755 a
766 702 949 774 porta
992 713 1178 775 usque
1221 692 1306 755 ad
1349 693 1724 756 Ceramicum
1768 690 2094 778 pertinere
2143 689 2322 771 dicit,
2390 689 2595 779 ipsius
2644 688 2995 764 Ceramici‚
3061 687 3188 756 hoc
3235 698 3338 756 est

427 806 710 894 regionis
758 805 936 875 urbis
984 806 1249 895 proprio
1298 805 1488 873 huius
1536 805 1814 874 nominis
1862 828 2062 874 sensu
2110 805 2195 874 ita
2243 805 2486 885 dictae,
2537 815 2783 894 partem
2832 805 3046 895 fuisse,
3077 815 3333 872 statuat.

428 924 505 990 At
550 943 698 991 cum
746 922 928 990 credi
975 922 1236 990 omnino
1285 944 1412 990 non
1456 923 1695 1011 possit,
1769 922 2062 990 latiorem
2111 922 2283 989 illum
2353 921 2628 989 nominis
2679 942 2967 999 sensum,
3026 942 3224 1012 quem
3271 932 3338 989 et

426 1038 797 1129 primarium
843 1049 909 1106 et
955 1039 1294 1127 uolgarem
1340 1038 1541 1107 fuisse
1588 1040 1731 1128 ipse
1763 1038 2018 1106 Curtius
2067 1037 2403 1119 concedit,
2456 1058 2725 1127 prorsus
2773 1038 3039 1106 latuisse
3085 1040 3333 1106 Pausa-

429 1157 618 1236 niam,
666 1153 994 1224 fatendum
1041 1165 1142 1223 est
1171 1153 1343 1223 hunc
1382 1155 1767 1245 scriptorem
1801 1177 1929 1224 non
1962 1155 2174 1224 solum
2222 1154 2507 1223 obscure
2555 1167 2620 1222 et
2664 1134 3105 1244 neglegenter,
3158 1155 3337 1244 quod

430 1293 591 1342 sane
637 1271 815 1340 haud
861 1256 1009 1340 raro
1056 1271 1140 1339 ab
1189 1294 1269 1340 eo
1317 1273 1555 1340 sactum
1604 1293 1758 1340 esse
1804 1283 2091 1352 constat,
2141 1272 2262 1340 sed
2310 1292 2581 1361 prorsus
2628 1291 2946 1361 peruerse
2993 1292 3076 1339 ne
3123 1271 3334 1339 dicam

428 1390 656 1457 insane
692 1389 979 1456 locutum
1012 1408 1165 1456 esse
1203 1399 1269 1455 et
1298 1388 1580 1456 lectores
1614 1388 1698 1456 de
1732 1388 2042 1459 industria
2091 1388 2151 1456 in
2199 1408 2490 1456 errorem
2537 1387 2906 1467 induxisse,
2955 1387 3012 1454 si
3057 1387 3338 1475 plateam

432 1526 628 1596 quam
681 1503 992 1572 Ceramici
1041 1514 1287 1592 partem
1330 1523 1483 1571 esse
1525 1505 1724 1573 sciret
1767 1504 1849 1571 ab
1898 1505 2043 1593 ipso
2091 1504 2428 1572 Ceramico
2476 1501 2774 1571 distinxit.
2833 1503 3062 1592 Neque
3109 1501 3340 1591 reliqui

440 1621 564 1690 loci
610 1618 850 1711 quibus
897 1618 1211 1688 Ceramici
1259 1619 1648 1688 mentionem
1695 1619 1845 1688 facit
1888 1620 2028 1688 talis
2077 1641 2226 1687 eum
2272 1619 2713 1710 peruersitatis
2758 1628 3061 1707 arguont;
3118 1638 3340 1707 quam-

430 1757 626 1829 quam
673 1737 841 1804 enim
890 1735 1017 1804 hoc
1048 1736 1307 1804 nornine
1340 1737 1536 1823 uolgo
1569 1737 1778 1804 sorum
1811 1737 2234 1826 porticusque
2267 1737 2468 1804 latera
2505 1735 2645 1804 eius
2679 1735 3014 1823 cingentes
3056 1734 3341 1824 appellat

431 1852 539 1942 (cf.
584 1855 632 1921 Ι.
679 1851 739 1931 3,
795 1849 864 1934 1;
913 1872 971 1919 c.
1029 1850 1127 1930 14,
1176 1849 1253 1935 6;
1302 1872 1357 1920 c.
1391 1851 1498 1929 20,
1547 1849 1625 1935 63
1677 1854 1825 1931 Vlll,
1860 1850 1921 1930 9,
1955 1851 2040 1933 8),
2094 1852 2201 1919 ubi
2246 1854 2455 1941 ipsum
2497 1853 2704 1921 forum
2736 1851 2820 1920 ab
2853 1852 2993 1920 aliis
3027 1851 3340 1919 Ceramici

435 1968 728 2060 partibus
767 1967 1109 2057 distinguit,
1160 1979 1228 2036 ut
1272 1988 1331 2035 c.
1386 1968 1486 2047 17,
1535 1967 1575 2033 2
1625 1989 1661 2035 a
1708 1969 2054 2060 gymnasio
2086 1968 2440 2037 Ptolomaei
2474 1969 2652 2060 quod
2685 1968 2747 2036 in
2780 1967 3117 2037 Ceramico
3151 1968 3338 2036 situm

433 2086 636 2153 fuisse
676 2095 931 2153 constat
976 2083 1131 2172 (uid.
1183 2082 1314 2152 Cic.
1350 2082 1433 2151 de
1480 2083 1586 2151 fin.
1619 2085 1661 2162 1,
1708 2086 1802 2162 11,
1851 2082 1936 2150 39
1969 2096 2034 2152 et
2065 2085 2249 2173 Diog.
2284 2085 2495 2153 Laert.
2531 2086 2652 2164 VII,
2694 2083 2838 2165 182,
2884 2054 3031 2153 coll.
3067 2085 3257 2153 Paus.
3290 2086 3336 2151 1.

440 2201 541 2278 17,
591 2201 675 2281 2),
723 2200 933 2269 uerbo
980 2201 1162 2292 quod
1209 2211 1310 2268 est
1354 2195 1564 2288 ἀγορά
1611 2201 1824 2269 utitur.

610 2317 948 2386 Accedunt
1009 2317 1134 2385 alia
1181 2317 1507 2408 quaedam
1568 2329 1946 2406 argumenta
2007 2338 2182 2408 quae
2240 2317 2541 2408 quamuis
2605 2317 2851 2385 leuiora
2913 2329 3130 2386 tamen
3197 2319 3334 2407 ipsa

437 2455 706 2526 quoque
753 2433 995 2524 aliquid
1044 2433 1129 2502 ad
1178 2454 1322 2502 eam
1370 2455 1566 2524 quam
1599 2455 1725 2523 ego
1766 2433 2051 2502 defendo
2084 2434 2465 2502 sententiam
2497 2432 2950 2502 stabiliendam
2982 2435 3335 2503 conferant.

435 2552 717 2621 Primum
751 2551 899 2620 dico
935 2551 1115 2642 quod
1147 2551 1525 2632 Pausanias,
1575 2573 1723 2619 cum
1770 2552 1891 2620 iter
1934 2574 1973 2621 e
2022 2564 2212 2641 portu
2261 2552 2324 2619 in
2364 2551 2595 2620 urbem
2627 2552 2967 2622 facientem
2997 2573 3073 2620 se
3105 2552 3341 2620 rudera

434 2670 775 2759 longorum
821 2690 1151 2737 murorum
1200 2668 1529 2737 inuenisse
1577 2678 1847 2736 testetur
1903 2670 1983 2754 (c.
2033 2668 2094 2748 2,
2145 2666 2242 2757 2),
2314 2680 2426 2738 aut
2474 2668 2637 2736 inter
2694 2680 3038 2759 utrumque
3084 2690 3339 2736 murum

437 2797 546 2855 aut
590 2796 770 2854 extra
815 2807 1068 2853 murum
1125 2784 1699 2874 septentrionalem
1748 2821 1830 2832 -
1879 2804 2009 2875 qua
2072 2785 2175 2853 uia
2237 2784 2573 2854 Leontium
2629 2797 2890 2855 euntem
2955 2785 3106 2854 facit
3156 2786 3340 2852 Plato

438 2902 522 2971 de
576 2923 718 2991 rep.
764 2903 864 2980 lv,
915 2924 978 2991 p.
1027 2900 1157 2969 439
1205 2923 1244 2970 e
1296 2940 1377 2950 —
1425 2901 1800 2971 ambulasse
1848 2902 2225 2971 censendus
2273 2913 2407 2972 est:
2472 2913 2749 2993 utraque
2806 2914 3023 2971 autem
3086 2902 3191 2969 uia
3253 2901 3339 2969 ad

435 3019 604 3087 latus
650 3016 831 3086 urbis
880 3018 1057 3109 quod
1107 3018 1537 3098 occidentem,
1587 3041 1714 3086 non
1762 3019 1845 3088 ad
1892 3019 2047 3087 illud
2098 3019 2276 3110 quod
2325 3020 2833 3109 septentrionem
2868 3018 3341 3088 occidentalem

436 3145 709 3224 spectat,
759 3155 909 3203 eum
952 3134 1380 3225 perducebat.
1439 3135 1692 3203 Deinde
1740 3109 1900 3205 uero
1947 3136 2188 3205 adduci
2244 3157 2373 3204 non
2421 3158 2693 3226 possum
2740 3146 2809 3204 ut
2854 3135 3123 3204 credam
3170 3136 3344 3203 Pau·

440 3252 708 3334 saniam,
758 3253 812 3319 si
860 3274 897 3320 a
946 3252 1185 3344 Dipylo
1243 3254 1330 3321 ad
1377 3254 1585 3322 sorum
1631 3253 2061 3327 accessisset.
2126 3254 2419 3343 porticus
2476 3273 2752 3342 magnae
2810 3252 2895 3320 ab
2957 3252 3166 3321 Attalo
3230 3274 3348 3322 ex-

441 3380 726 3438 structae
774 3390 947 3461 quae
1005 3370 1127 3459 ipsi
1175 3368 1299 3437 hac
1345 3372 1448 3440 uia
1499 3368 1935 3459 progredienti
1981 3369 2068 3437 ad
2117 3369 2438 3437 sinistram
2487 3370 2743 3450 suisset,
2794 3370 3036 3439 nullam
3083 3371 3344 3439 omnino

442 3487 829 3555 mentionem
876 3488 1192 3555 facturum
1241 3487 1467 3570 fuisse3
1517 3487 1703 3554 cuius
1751 3486 2120 3555 omissionis
2167 3486 2503 3554 excusatio
2552 3509 2750 3577 quam
2783 3487 3038 3556 Curtius
3071 3488 3339 3577 excogi-
3449 3503 3456 3511 '

440 3603 617 3682 tauit,
664 3603 1062 3694 periegetam
1113 3625 1335 3673 morae
1381 3603 1817 3693 impatientem
1864 3602 1948 3671 ad
1996 3603 2205 3672 iorum
2249 3623 2646 3693 properasse
2679 3602 2907 3672 dicens
2954 3605 3091 3692 (1.1.
3118 3627 3181 3694 p.
3208 3604 3343 3693 33).

441 3717 848 3786 causidicum
870 3720 1072 3808 magis
1098 3741 1291 3810 quam
1325 3719 1722 3809 philologum
1750 3741 1784 3787 a
1810 3718 2274 3808 praeiudicatis
2307 3717 2719 3809 opinionibus
2752 3731 3096 3790 cauentem
3131 3721 3343 3791 decet.

440 3855 591 3903 cum
638 3834 812 3902 illum
860 3845 964 3905 sat
1008 3836 1220 3904 multis
1253 3837 1474 3905 uerbis
1522 3837 1599 3920 (c.
1639 3836 1700 3917 2,
1734 3833 1931 3921 4-6)
1977 3836 2063 3904 de
2099 3836 2453 3925 porticibus
2485 3856 2523 3904 a
2557 3847 2740 3925 porta
2774 3857 2985 3929 usque
3026 3837 3109 3906 ad
3145 3837 3380 3907 Cera-'

440 3951 676 4019 micum
725 3949 1194 4039 pertinentibus
1241 3952 1632 4044 exppsuisse
1679 3953 2045 4020 uideamus,

620 4068 755 4138 Sed
804 4069 930 4137 iam
977 4090 1014 4137 a
1062 4082 1249 4159 porta
1297 4071 1381 4139 de
1428 4091 1559 4161 qua
1600 4072 1755 4156 satis
1790 4069 2029 4138 dictum
2078 4091 2231 4137 esse
2266 4082 2566 4159 putamus
2598 4070 2983 4138 Pausaniam
3025 4070 3110 4139 ad
3144 4071 3345 4140 Cera·

442 4183 680 4252 micum
728 4186 1070 4278 forumque
1133 4208 1507 4278 sequamur.
1602 4188 1926 4257 Porticum
1973 4189 2217 4277 regiam
2281 4210 2451 4279 quae
2514 4189 2719 4277 prima
2778 4187 2862 4256 ad
2923 4187 3214 4257 dextram
3262 4190 3346 4257 illi

447 4300 584 4379 suit,
657 4302 720 4369 in
768 4302 967 4372 latere
1015 4304 1132 4372 sori
1180 4304 1359 4394 quod
1406 4304 1812 4373 occidentem
1868 4317 2126 4394 spectat
2171 4306 2446 4396 positam
2495 4306 2695 4373 fuisse
2742 4306 2957 4373 Curtio
3005 4326 3221 4397 aeque
3267 4328 3346 4374 ac

447 4415 596 4484 mibi
660 4417 914 4486 ‘certum
977 4432 1112 4502 est;
1188 4440 1226 4487 a
1287 4441 1417 4509 quo
1487 4432 1760 4489 eatenus
1834 4434 2076 4490 tantum
2150 4422 2462 4490 dissentio
2534 4434 2603 4490 ut
2670 4443 2814 4490 eam
2883 4434 3137 4501 austro,
3220 4422 3346 4490 hoc

448 4545 550 4603 est
615 4534 764 4603 cliui
829 4535 1046 4605 Martis
1109 4534 1438 4605 radicibus
1499 4539 1720 4628 paullo
1785 4540 2158 4631 propiorem
2215 4539 2417 4608 fuisse
2489 4550 2795 4616 statuam,
2867 4560 3015 4609 cum
3081 4550 3349 4628 propter
