4097 5080
1952 230 2482 321 -12-‚

717 427 1017 518 potuerit.
1082 427 1237 496 Sola
1266 425 1428 495 ratio
1459 448 1591 518 qua
1634 426 1761 497 hoc
1806 426 2025 520 aliquo
2074 428 2271 498 modo
2311 430 2620 518 explicari
2668 430 2877 520 possit
2920 430 3087 499 haec
3135 452 3288 500 esse
3336 430 3617 511 uidetur,

723 556 790 610 ut
835 543 1087 611 Meliten
1137 563 1356 611 arcem
1407 564 1674 633 quoque
1723 544 2301 634 comprehendisse
2350 547 2568 637 itaque
2615 560 2681 615 et
2725 549 3132 616 occidentem
3181 561 3246 616 et
3291 547 3624 616 meridiem

723 672 789 728 et
837 659 1151 728 orientem
1198 682 1435 728 uersus
1482 681 1519 728 a
1570 661 1903 731 Ceramico
1951 663 2243 752 patuisse
2304 674 2693 731 statuamus:
2764 663 2886 732 sed
2949 685 3166 754 neque
3224 685 3369 732 cum
3429 664 3622 734 Curtii

725 777 946 846 uerbis
996 777 1123 846 hoc
1170 778 1494 857 conuenit,
1542 800 1759 869 neque
1806 780 1949 847 talis
1998 780 2186 846 unius
2234 781 2357 847 uici
2405 780 2682 849 ambitus
2730 782 2922 848 ullam
2953 779 3421 870 probabilitatis
3468 804 3625 870 spe-

721 892 885 960 ciem
920 891 1137 972 habet,
1177 893 1559 982 praesertim
1593 915 1741 962 cum
1774 895 1856 962 ita
1891 896 2103 962 nullus
2137 897 2272 962 sere
2306 897 2702 985 relinquatur
2733 896 2919 963 locus
2952 917 3147 986 quem
3180 897 3436 989 Collyto
3471 897 3618 966 uico

669 988 681 1003 ⁵
724 1009 1176 1099 adsignemus,
1245 1031 1447 1100 quem
1503 1010 1566 1078 in
1610 1010 1826 1079 media
1885 1011 2046 1080 urbe
2110 1012 2301 1079 situm
2347 1024 2412 1080 et
2456 1013 2708 1080 Melitae
2754 1013 3073 1081 confinem
3123 1013 3324 1080 fuisse
3372 1024 3630 1081 constat

601 1166 609 1175 ·
729 1124 821 1208 (u.
868 1125 1107 1194 Himer.
1157 1127 1333 1216 apud
1382 1125 1562 1195 Phot.
1612 1127 1766 1197 bibl.
1801 1127 1950 1195 cod.
1987 1126 2113 1193 243
2147 1150 2213 1216 p.
2247 1123 2427 1200 375'2.
2477 1126 2517 1194 6
2552 1129 2655 1196 ed.
2692 1128 2923 1210 Bekk.;
2972 1128 3182 1198 Strab.
3229 1131 3271 1201 1.
3324 1151 3385 1218 p.
3420 1127 3505 1196 65
3537 1151 3626 1212 s.;

726 1244 806 1310 cs.
855 1263 1080 1332 geogr.
1130 1243 1238 1310 Gr.
1286 1245 1331 1322 1,
1381 1266 1444 1332 p.
1495 1242 1626 1309 274
1673 1244 1755 1329 s.)
1805 1265 2135 1334 quemque
2196 1244 2337 1332 ipse
2386 1245 2640 1314 Curtius
2712 1247 2779 1330 (l.
2828 1246 2868 1313 l.
2915 1268 2979 1335 p.
3030 1245 3114 1312 53
3162 1245 3248 1332 s.)
3311 1247 3624 1314 orientem

726 1381 960 1429 uersus
1009 1380 1046 1426 a
1095 1358 1431 1427 Ceramico
1481 1360 1780 1429 collocat.
1873 1364 1950 1428 At
1993 1361 2048 1428 si
2096 1382 2351 1430 mecum
2400 1361 2719 1430 Colonum
2774 1382 2984 1450 prope
3045 1361 3452 1430 occidentale
3510 1362 3626 1430 sori

729 1477 896 1543 latus
945 1475 1389 1555 constitueris,
1462 1477 1675 1544 omnia
1725 1477 1931 1545 facilia
1979 1489 2129 1545 sunt
2181 1489 2247 1545 et
2291 1479 2626 1567 expedita:
2690 1491 2818 1546 tum
2879 1479 3234 1546 Pausanias
3291 1499 3327 1546 a
3387 1478 3651 1567 templo*

733 1591 996 1659 Volcani
1046 1613 1246 1681 supra
1297 1593 1613 1682 porticum
1662 1593 1909 1682 regiam
1957 1594 2078 1662 sito
2127 1595 2630 1682 septentrionem
2685 1616 2921 1663 uersus
2967 1595 3030 1661 in
3077 1594 3325 1662 Colono
3372 1595 3456 1662 ad
3505 1598 3633 1661 Ve-

729 1708 902 1775 neris
961 1709 1270 1797 templum
1326 1709 1765 1799 progreditur,
1835 1708 1921 1777 ab
1985 1709 2111 1778 hoc
2166 1722 2383 1778 autem
2450 1712 2674 1778 iterum
2737 1710 2822 1779 ad
2885 1711 3095 1779 forum
3141 1691 3485 1780 descendit
3527 1711 3635 1778 uia

730 1825 1235 1913 septentrionem
1303 1847 1539 1893 uersus
1601 1826 1893 1916 proxima
1952 1826 2036 1894 ab
2085 1847 2165 1894 ea
2226 1847 2357 1917 qua
2415 1827 2594 1916 prius
2653 1828 2736 1894 ad
2800 1828 3006 1896 sorum
3069 1840 3476 1897 accesserat:
3548 1827 3632 1895 ad

730 1940 919 2009 huius
966 1941 1115 2009 uiae
1163 1963 1240 2009 os
1287 1942 1349 2009 in
1396 1944 1535 2011 soro
1583 1943 1836 2032 positus
1884 1955 2025 2011 erat
2076 1944 2431 2011 Mercurius
2493 1943 2770 2011 sorensis
2832 1956 2898 2012 et
2958 1965 3150 2012 arcus
3211 1942 3633 2033 triumphalis.

732 2058 882 2129 inde
929 2057 1148 2147 paullo
1198 2059 1468 2147 propius
1514 2060 2018 2148 septentrionem
2068 2060 2358 2149 porticus
2405 2080 2576 2151 quae
2625 2059 2965 2128 dicebatur
3009 2058 3373 2144 Poecile,¹)
3449 2058 3635 2126 cuius

733 2173 1019 2262 picturas
1088 2185 1438 2264 postquam
1509 2174 1856 2265 descripsit
1924 2187 2307 2268 statuasque
2377 2176 2718 2244 nonnullas
2787 2189 2934 2245 ante
3007 2177 3178 2244 illam
3256 2175 3635 2244 constitutas

733 2291 1138 2359 enumerauit
1194 2292 1549 2360 Pausanias
1608 2292 1748 2360 foro
1805 2293 2031 2362 relicto
2093 2293 2502 2365 occidentem
2560 2293 3131 2383 septentrionalem
3189 2313 3445 2360 uersus·
3482 2313 3639 2380 pro-

733 2406 1026 2496 greditur
1069 2407 1158 2475 ad
1206 2407 1556 2475 Ptolomaei
1604 2411 2014 2500 gymnasium
2065 2410 2387 2500 quodad
2434 2409 2693 2478 radices
2740 2421 2852 2476 aut
2917 2409 2978 2477 in
3039 2409 3184 2498 ipso
3243 2407 3396 2495 iugo
3451 2406 3637 2475 collis

737 2521 968 2594 Thesei
1033 2523 1223 2591 situm
1282 2509 1483 2592 suiss’e
1543 2524 1951 2594 manifestum
2021 2537 2141 2595 est.
2216 2528 2306 2595 Ita
2364 2526 2548 2595 facile
2597 2525 2954 2616 explicatur
3008 2530 3137 2594 cur*
3182 2545 3400 2615 neque
3455 2521 3637 2590 Attali

738 2639 1056 2728 porticum
1088 2633 1716 2718 commemorauerit,
1766 2644 1950 2710 cuius
1983 2653 2050 2711 et
2095 2644 2279 2711 locus
2326 2654 2392 2710 et
2440 2643 2778 2732 dispositio
2823 2651 3130 2710 accurate
3163 2640 3492 2729 descripta
3540 2649 3642 2707 est

738 2757 799 2824 in
845 2755 1065 2825 tabula
1111 2756 1383 2826 Strackii
1430 2778 1621 2826 manu
1672 2758 1995 2827 delineata
2057 2779 2228 2849 quae
2285 2759 2551 2826 alteram
2618 2757 2990 2825 Studiorum
3038 2755 3386 2823 Atticorum
3447 2754 3641 2823 Curtii

737 2873 1116 2962 particulam
1164 2885 1381 2952 ornat,
1450 2894 1671 2964 neque
1727 2875 2017 2944 Leocorii
2082 2875 2468 2943 mentionem
2541 2874 2790 2953 fecerit,
2865 2872 3043 2963 quod
3109 2894 3257 2940 cum
3313 2871 3376 2939 in
3424 2871 3641 2939 medio

740 2988 1076 3058 Ceramico
1123 2990 1323 3058 fuisse
1371 3001 1642 3059 testetur
1685 2992 2109 3081 Harpocratio
2160 2991 2250 3075 (in
2297 3014 2358 3058 u.
2395 2988 2845 3075 Λεωκόρειον).
2896 3011 2934 3056 a
2969 3002 3153 3078 porta
3187 3000 3404 3056 autern
3440 2988 3641 3055 Cera-

739 3106 885 3174 mici
934 3106 1270 3174 exterioris
1327 3129 1455 3175 non
1514 3107 1701 3175 nimis
1764 3108 1957 3199 longe
2020 3108 2262 3177 afuisse
2311 3131 2348 3176 e
2398 3108 2692 3198 Thucyd.
2743 3109 2854 3186 vl,
2929 3107 3013 3172 57
3063 3104 3363 3174 concludi
3416 3103 3641 3194 possit.

743 3226 805 3292 in
855 3224 999 3314 ipso
1048 3224 1311 3314 quidem
1359 3226 1499 3294 soro
1550 3226 1647 3312 (ut
1685 3239 2025 3315 apparete
2059 3226 2390 3296 Demosth.
2424 3228 2485 3294 in
2520 3225 2766 3295 Conon.
2815 3247 2877 3314 p.
2930 3220 3216 3309 1258)²),
3263 3221 3386 3289 sed
3437 3241 3644 3309 prope

742 3342 1310 3431 septentrionalem
1359 3341 1501 3411 eius
1548 3343 1807 3411 limitem
1855 3344 1918 3410 in
1965 3363 2041 3411 ea
2090 3355 2275 3432 parte
2323 3364 2491 3433 quae
2542 3352 2946 3410 mercaturae
2995 3338 3267 3407 maxime
3325 3337 3644 3424 destinata

742 3471 884 3528 erat
929 3459 1384 3528 collocandum
1418 3480 1569 3529 esse
1604 3459 1896 3527 arbitror.
1968 3460 2343 3526 Hermarum
2394 3458 2700 3547 denique,
2748 3479 2916 3548 quos
2964 3468 3030 3523 et
3077 3454 3255 3544 ipsos
3288 3454 3644 3522 Pausanias

743 3597 1257 3645 commemorare
1306 3576 1613 3665 neglexit,
1684 3585 1848 3643 teste
1894 3575 2402 3663 Harpocratione
2452 3574 2544 3656 (in
2590 3596 2652 3641 u.
2693 3566 2949 3655 Ἑρμαῖ)
2999 3570 3241 3659 duplex
3289 3579 3434 3637 erat
3479 3569 3643 3636 ordo

746 3714 1024 3784 quorum
1084 3693 1246 3760 alter
1308 3715 1348 3762 a
1404 3692 1703 3769 Poecile,
1774 3676 1939 3759 alter
1992 3711 2029 3757 a
2093 3692 2266 3779 regia
2317 3690 2569 3780 porticu
2616 3688 2933 3777 incipiens
2982 3685 3067 3755 ad
3113 3688 3384 3755 alterurn
3429 3707 3644 3775 usque

746 3810 864 3879 sori
912 3810 1078 3879 latus
1127 3808 1520 3898 pertinebat:
1570 3809 1733 3877 haec
1770 3809 1950 3876 enim
1998 3807 2472 3896 simplicissima
2509 3818 2572 3876 et
2610 3816 2955 3897 propterea
2990 3824 3151 3872 uera
3182 3802 3438 3870 uidetur
3482 3800 3647 3869 haec

932 4094 972 4166 ¹)
1009 4097 1405 4164 Argumentum
1443 4113 1552 4164 quo
1588 4099 2081 4151 Forchhammerus
2120 4096 2522 4163 (Topographie
2546 4110 2652 4148 von
2680 4094 2858 4147 Athen
2893 4109 2948 4159 p.
2976 4099 3040 4147 62
3068 4089 3133 4157 s.)
3172 4092 3342 4143 utitur
3369 4095 3427 4142 ut
3455 4090 3652 4154 probet

748 4189 1049 4244 Pausaniae
1083 4189 1395 4242 aduenienti
1431 4189 1684 4241 Poecilen
1723 4188 1788 4239 ad
1815 4188 2027 4238 laeuam
2056 4187 2240 4250 fuisse,
2277 4188 2459 4238 sciens
2497 4187 2708 4246 omitto,
2745 4198 2816 4236 ne
2841 4198 2958 4236 rem
2987 4196 3110 4235 mea
3135 4181 3404 4233 sententia
3425 4179 3653 4231 minime

750 4279 969 4330 dubiam
1005 4280 1436 4344 argumentando
1473 4279 1692 4331 dubiam
1732 4278 1943 4329 faciam.
2205 4335 2222 4352 .

929 4363 973 4432 ²)
1011 4369 1167 4432 Quod
1205 4370 1601 4422 Demosthenes
1636 4368 1696 4432 (1.
1733 4366 1793 4432 1.)
1830 4369 1903 4418 ait
1938 4361 2081 4417 κατὰ
2114 4361 2175 4417 τὸ
2202 4361 2508 4429 Λεωκόριον
2532 4357 2689 4429 ἐγγὺς
2710 4363 2819 4414 τῶν
2848 4358 3196 4425 Πυθοδώρου
3223 4358 3650 4425 intellegendum

751 4465 882 4525 puto
921 4459 987 4511 de
1023 4459 1264 4512 tabernis
1300 4460 1357 4511 in
1395 4459 1591 4525 quibus
1627 4457 1973 4524 Pythodorus
2022 4462 2387 4528 mercaturam
2425 4456 2660 4521 aliquam
2698 4453 3016 4505 exercebat:
3074 4451 3143 4503 cr.
3182 4450 3449 4515 Harpoer.
3484 4450 3555 4500 in.
3597 4462 3650 4500 u.

752 4545 1019 4615 σκηνίτης.
