4097 5080
717 1121 904 1202 Quae
963 1142 1088 1211 ego
1157 1120 1221 1187 in
1282 1119 1447 1188 libro
1505 1140 1702 1211 quem
1760 1119 1845 1188 de
1907 1119 2305 1211 geographia
2373 1121 2690 1192 Graeciae
2749 1122 2925 1192 edidi
2996 1124 3436 1216 (Geographie

540 1261 666 1308 von
716 1236 1224 1317 Griechenland,
1296 1237 1433 1313 Vol.
1480 1237 1533 1313 1,
1597 1258 1662 1326 p.
1708 1235 1833 1302 281
1884 1241 2002 1318 ss.)
2058 1237 2142 1305 de
2188 1239 2330 1306 soro
2376 1238 2766 1307 Athenarum
2813 1239 3031 1331 deque
3077 1243 3435 1331 porticibus

538 1357 621 1423 im
666 1338 1110 1424 adiacentibus
1170 1353 1481 1429 breuiter.
1548 1365 1618 1421 ut
1659 1353 1912 1421 serebat
1955 1354 2293 1422 consilium
2343 1376 2474 1445 quo
2522 1355 2628 1422 1110
2675 1355 2841 1424 liber
2885 1356 3325 1441 scribebatur,
3373 1372 3439 1428 at

535 1475 828 1564 profecto
882 1471 1056 1541 haud
1112 1472 1746 1561 leuiter'disputaui‚
1819 1492 2047 1540 eorum
2106 1473 2413 1541 nonnulla
2462 1473 2719 1542 disertis
2766 1471 2990 1542 uerbis
3036 1475 3435 1565 impugnauit

535 1591 658 1659 alia
703 1589 894 1658 tacite
938 1588 1330 1678 improbauit
1373 1609 1580 1679 nuper
1608 1566 1935 1656 ‘Ernestus
1982 1589 2237 1657 Curtius
2299 1591 2360 1657 in
2408 1588 2626 1658 libello
2689 1611 2887 1680 quem
2949 1590 3033 1659 de
3092 1592 3427 1661 Ceramico

538 1706 757 1798 deque
811 1705 929 1774 sori
985 1704 1374 1773 Athenarum
1418 1704 1681 1772 historia
1739 1704 1999 1794 scripsit
2045 1705 2354 1789 (Attische
2402 1705 2671 1775 Studien
2717 1728 2845 1774 von
2894 1708 2965 1774 E.
3014 1707 3289 1776 Curtius.
3359 1710 3431 1775 11.

535 1825 667 1891 Der
707 1822 1128 1891 Kerameikos
1174 1821 1305 1890 und
1355 1821 1461 1891 die
1495 1821 1885 1891 Geschichte
1933 1821 2054 1891 der
2084 1824 2295 1911 Agora
2343 1844 2467 1891 von
2514 1821 2739 1890 Athen.
2795 1822 3138 1914 Gottingen
3191 1823 3448 1909 1865.).‚

537 1938 943 2031 Quamquam
990 1950 1205 2007 autem
1252 1937 1401 2005 mihi
1449 1958 1596 2006 cum
1645 1938 1750 2007 tali
1801 1938 1940 2006 uiro
1987 1938 2074 2007 de
2104 1938 2304 2007 rebus
2344 1939 2466 2008 etsi
2505 1961 2636 2008 non
2680 1940 3097 2030 grauissimis,
3147 1952 3425 2010 attamen

534 2056 619 2124 ad
648 2077 873 2125 ueram
907 2066 1203 2124 ueterum
1229 2056 1621 2125 Athenarum
1653 2055 1994 2144 imaginem
2027 2055 2652 2146 repraesentandam
2681 2056 2857 2125 haud
2890 2056 3146 2125 leuibus
3179 2056 3430 2128 dissone

536 2173 786 2241 sionem
834 2193 986 2240 esse
1028 2192 1228 2263 aegre
1274 2173 1433 2253 sero,
1482 2183 1698 2241 tamen
1746 2193 1892 2241 cum
1940 2184 2074 2242 tota
2109 2172 2233 2242 hac
2263 2172 2647 2264 quaestione
2678 2173 2907 2241 iterum
2938 2185 3246 2242 accurate
3280 2196 3432 2264 per-

534 2299 799 2357 tractata
858 2289 1222 2357 etiamnunc
1269 2310 1415 2357 eam
1462 2309 1659 2380 quam
1713 2289 1865 2358 olim
1920 2290 2237 2381 proposui
2300 2290 2416 2357 sori
2472 2288 2863 2357 Athenarum
2925 2288 3429 2379 descriptionem

535 2425 757 2473 ueram
806 2426 955 2473 esse
985 2404 1134 2472 mihi
1167 2426 1554 2493 persuasum
1587 2406 1684 2483 sit,
1731 2404 1856 2473 hac
1901 2405 2164 2496 publice
2207 2405 2532 2474 scribendi
2580 2406 2932 2475 occasione
2975 2427 3245 2475 munere
3292 2429 3427 2498 quo

531 2524 594 2592 in
641 2533 862 2592 nostra
909 2521 1257 2591 litterarum
1307 2521 1720 2592 uniuersitate
1766 2523 1998 2613 fungor
2055 2522 2204 2592 mihi
2268 2523 2485 2593 oblata
2547 2522 2631 2591 ad
2691 2543 2769 2591 ea
2825 2544 2997 2615 quae
3064 2545 3222 2593 uera
3278 2545 3431 2595 esse

531 2652 688 2732 puto
736 2639 1127 2709 uindicanda
1166 2639 1476 2709 utendum
1508 2660 1661 2708 esse
1706 2649 1883 2708 ratus
1931 2640 2016 2709 de
2064 2639 2373 2709 aedificiis
2419 2639 2698 2732 publicis
2747 2641 2831 2709 ad
2878 2661 3031 2709 oras
3079 2641 3195 2710 sori
3229 2641 3428 2708 Athe-

533 2778 756 2825 narum
788 2755 1144 2826 constitutis
1178 2755 1398 2845 paullo
1445 2756 1813 2825 accuratius
1847 2755 2230 2846 disputab03
2277 2777 2406 2847 qua
2454 2756 2519 2824 in
2564 2775 2636 2824 re
2680 2775 2763 2823 ne
2811 2766 2956 2824 acta
2989 2776 3176 2845 agam
3208 2757 3422 2824 omnia

533 2893 613 2941 ea
659 2874 856 2941 missa
902 2874 1129 2942 faciam
1178 2873 1262 2941 de
1308 2873 1547 2965 quibus
1595 2873 1742 2941 mihi
1788 2894 1937 2942 cum
1985 2873 2201 2942 Curtio
2250 2872 2574 2941 conuenit.

685 2990 1070 3081 Priusquam
1094 3001 1310 3059 autem
1334 2991 1418 3060 ad
1444 2991 1610 3058 hanc
1635 2990 2135 3081 disputationem
2161 2990 2507 3080 aggrediar
2530 3009 2742 3080 panca
2769 2987 3255 3078 praemonenda
3280 3001 3431 3057 sunt

532 3107 616 3176 de
659 3108 1044 3199 quaestione
1077 3108 1186 3176 diu
1219 3108 1618 3199 multumque
1651 3110 1886 3200 agitata
1918 3130 2090 3200 quae
2123 3107 2339 3175 Curtio
2389 3107 2572 3176 aliter
2617 3127 2697 3175 ac
2725 3105 2877 3174 mihi
2924 3105 3245 3175 soluenda
3276 3127 3429 3175 esse

530 3225 825 3293 uidetur:
871 3225 1039 3293 hanc
1089 3224 1238 3294 dico
1271 3247 1445 3317 quae
1491 3238 1593 3294 est
1638 3225 1722 3293 de
1756 3236 1943 3315 porta
1992 3225 2095 3293 uel
2143 3223 2357 3312 potius
2406 3223 2491 3291 de
2537 3224 2741 3313 portis
2792 3222 3029 3314 quibus
3073 3222 3428 3291 Pausanias

533 3339 761 3408 urbem
807 3340 1195 3410 Athenarum
1242 3340 1579 3430 ingressus
1610 3341 1710 3408 sit.
1773 3339 2034 3422 Scilicet
2078 3319 2481 3430 periegetam
2529 3340 2805 3428 primum
2853 3338 3119 3429 quidem
3150 3337 3427 3406 Phalero

531 3455 812 3524 Athenas
853 3459 1223 3526 accessisse
1265 3468 1331 3525 et
1375 3478 1496 3547 per
1528 3478 1671 3526 eam
1718 3468 1969 3545 portam
2018 3457 2104 3525 ad
2153 3478 2348 3547 quam
2396 3455 2500 3523 uia
2548 3454 2865 3524 Phalerea
2911 3454 3426 3545 perducebat—

529 3591 728 3661 quam
773 3572 1038 3642 Itoniam
1086 3574 1321 3643 dictam
1355 3596 1507 3643 esse
1539 3574 1696 3642 satis
1730 3585 1984 3643 constat
2014 3612 2098 3621 —
2132 3572 2358 3641 urbem
2402 3555 2725 3648 intrasseg
2757 3570 2994 3641 deinde
3026 3591 3187 3639 uero
3219 3570 3430 3639 statim

531 3698 773 3755 mutato
820 3689 1092 3758 consilio
1137 3704 1249 3759 aut
1292 3690 1632 3759 Piraeeum
1680 3690 1762 3760 ad
1798 3713 1992 3782 quem
2036 3701 2291 3781 portum
2341 3689 2614 3778 primum
2646 3709 2684 3757 a
2716 3688 2915 3757 Sunio
2948 3688 3262 3776 nauigans
3310 3686 3429 3756 ad-

529 3814 764 3871 uectus
823 3816 964 3872 erat
1022 3826 1395 3895 regressum
1444 3818 1554 3876 aut
1613 3819 1792 3878 certe
1844 3809 1907 3876 in
1969 3808 2142 3876 uiam
2201 3825 2372 3897 quae
2437 3804 2589 3874 inde
2644 3825 2682 3873 a
2739 3805 3010 3873 Piraeeo
3067 3803 3428 3871 secundum

529 3918 770 3987 rudera
813 3920 1156 4009 longorum
1213 3946 1542 3993 murorum
1589 3925 1673 3993 ad
1731 3925 1959 3993 urbem
2017 3922 2414 4012 dirigebatur
2467 3933 2945 4011 transgressum
3010 3920 3094 3989 ad
3158 3920 3428 3988 alteram

530 4047 782 4125 portam
831 4039 1215 4127 peruenisse
1275 4059 1354 4108 ex
1413 4040 1509 4108 eis
1558 4062 1729 4131 quae
1777 4042 1919 4132 ipse
1969 4039 2076 4107 lib.
2124 4041 2150 4106 1
2196 4060 2254 4106 c.
2315 4038 2413 4118 1,5
2460 4048 2526 4106 et
2571 4058 2628 4105 c.
2676 4036 2776 4117 2‚1
2832 4058 2922 4104 ss.
2971 4036 3232 4125 scripsit
3275 4033 3432 4119 (ἔστι

531 4149 601 4218 δὲ
643 4150 807 4220 κατὰ
837 4152 958 4241 τὴν
992 4150 1152 4223 ὁδὸν
1179 4152 1298 4242 τὴν
1329 4154 1394 4234 ἐς
1418 4151 1701 4243 Ἀθήνας
1731 4156 1802 4224 ἐκ
1849 4153 2163 4244 Φαλήρου
2197 4194 2275 4204 -
2312 4152 2714 4222 ἐσελθόντων
2759 4151 2829 4221 δὲ
2875 4151 2940 4232 ἐς
2969 4150 3092 4241 τὴν
3120 4148 3314 4220 πόλιν
3352 4193 3424 4204 -

531 4263 851 4338 ἀνιόντων
917 4270 986 4340 δὲ
1056 4270 1127 4340 ἐκ
1196 4265 1519 4357 Πειραιῶς
1570 4311 1639 4326 -
1697 4270 2100 4342 ἐσελθόντων
2162 4271 2232 4340 δὲ
2287 4270 2352 4350 ἐς
2409 4268 2528 4358 τὴν
2571 4268 2786 4360 πόλιν)
2844 4271 3087 4362 liquido
3134 4285 3426 4361 apparet.

531 4387 696 4455 Num
741 4389 951 4459 statim
984 4388 1069 4460 ab
1113 4391 1316 4460 Itonia
1363 4402 1546 4484 porta
1595 4412 1675 4461 ea
1722 4393 1868 4461 loca
1915 4389 2272 4458 uisitauerit
2311 4411 2590 4481 quornm
2636 4388 3143 4485 descriptionem
3191 4386 3427 4462 deinde
