4097 5080
1876 90 2313 184 .—4—

666 316 923 385 mediae
968 317 1173 406 ipsius
1213 316 1329 383 sori
1377 316 1795 405 descriptioni
1844 315 2226 405 interposuit
2270 321 2353 397 (c.
2402 313 2511 396 8‚6
2545 355 2625 365 —
2658 338 2715 385 c.
2771 314 2959 403 145),
3007 338 3181 409 quae
3224 318 3418 388 Curtii
3466 332 3568 391 est

667 434 981 501 sententia
1029 432 1090 516 (l.
1138 433 1180 500 1.
1227 438 1291 522 ‘p.
1348 432 1471 511 15),
1521 432 1711 500 ualde
1761 431 2018 512 dubito,
2085 453 2233 499 cum
2280 431 2452 499 nulla
2500 453 2700 501 causa
2748 433 3097 523 excogitari
3146 435 3387 524 possit,
3449 457 3569 504 cur

666 571 793 616 non
841 549 1094 636 singula
1141 570 1223 617 eo
1271 548 1501 617 ordine
1551 570 1685 638 quo
1734 548 1837 615 illa
1888 547 2264 615 uisitauerat
2305 547 2365 614 in
2401 548 2880 616 commentariis
2926 551 3062 617 suis
3115 552 3572 640 perscripserit

663 675 775 732 aut
820 686 937 732 cur
984 664 1281 733 ordinem
1328 686 1552 732 eorum
1587 685 1759 754 quae
1806 663 1868 731 in
1917 663 2061 752 ipso
2110 663 2332 731 itinere
2381 664 2853 753 perscripserat
2901 677 3132 754 postea
3180 687 3332 734 cum
3383 688 3566 735 com—

665 781 1014 849 mentarios
1064 781 1123 849 in
1176 780 1385 850 lucem
1431 781 1816 850 emittendos
1862 792 2247 850 retractaret
2294 782 2749 849 immutauerit:
2800 782 2923 850 sed
2971 803 3122 850 cum
3167 781 3293 852 hoc
3341 805 3423 851 ex
3471 784 3569 851 eis

667 918 818 965 esse
874 896 1022 964 mihi
1091 896 1387 965 uideatur
1444 920 1617 989 quae
1678 919 1716 965 a
1776 897 1966 966 nobis
2015 908 2197 965 certo
2244 896 2391 965 sciri
2439 910 2795 988 nequeant.
2859 920 2985 967 11011
3043 899 3320 989 amplius
3378 901 3438 967 in
3486 922 3569 968 eo

667 1013 1068 1105 exquirendo
1116 1035 1386 1102 operam
1433 1013 1725 1104 perdam.
1789 1016 1866 1082 At
1909 1034 2081 1104 quae
2130 1012 2317 1081 suerit
2361 1013 2562 1081 altera
2613 1013 2715 1081 illa
2763 1026 2949 1103 porta
2996 1036 3130 1106 qua
3175 1037 3303 1084 non
3353 1017 3566 1085 solum

668 1131 754 1199 ad
825 1132 1019 1201 limen
1089 1131 1209 1198 sed
1266 1129 1353 1200 ad
1410 1130 1552 1219 ipsa
1614 1129 1971 1220 penetralia
2034 1127 2212 1197 urbis
2269 1130 2628 1198 accesserit
2687 1131 3040 1199 Pausanias
3100 1130 3229 1200 hoc
3293 1144 3359 1202 et
3420 1133 3570 1201 sciri

670 1269 871 1338 posse
918 1248 1152 1337 opinor
1210 1254 1275 1316 et
1319 1247 1405 1315 ad
1452 1258 1652 1315 totum
1701 1246 1820 1314 iter
1864 1246 2006 1314 eius
2055 1257 2231 1314 recte
2289 1245 2731 1313 definiendum
2786 1248 2998 1337 magni
3055 1248 3360 1316 momenti
3418 1270 3572 1317 esse

670 1364 1071 1432 manifestum
1119 1374 1236 1431 est.
1329 1363 1559 1430 Fuisse
1606 1373 1823 1430 autem
1874 1361 2041 1429 illam
2089 1372 2342 1450 portam
2389 1382 2533 1430 eam
2583 1382 2754 1452 quae
2800 1357 3122 1432 Plutarchi
3172 1375 3350 1433 certe
3408 1374 3572 1432 tem-

670 1501 830 1569 pore
878 1478 1242 1547 Piraeensis
1290 1478 1631 1547 dicebatur
1679 1479 1863 1563 (Plut.
1911 1475 2101 1545 Thes.
2151 1478 2272 1554 273
2322 1478 2502 1546 Sulla
2554 1475 2680 1565 14),
2730 1476 2856 1547 hoc
2899 1490 3003 1549 est
3047 1500 3192 1549 eam
3226 1499 3399 1571 quae
3446 1501 3569 1548 au-

672 1607 877 1664 strum
925 1617 1161 1663 uersus
1209 1595 1501 1684 proxime
1547 1594 1777 1664 aberat
1822 1616 1859 1662 a
1908 1596 2241 1664 notissima
2290 1605 2475 1683 porta
2519 1615 2716 1685 quam
2764 1595 2958 1685 uolgo
3009 1595 3293 1726 Dipylon
3339 1597 3571 1686 appel-

671 1711 909 1790 labant,
958 1735 1087 1780 non
1133 1710 1301 1780 hanc
1346 1712 1557 1802 ipsam
1603 1723 1855 1801 portam
1899 1709 2078 1779 urbis
2112 1710 2561 1800 principalem,
2622 1733 2753 1803 qua
2801 1713 3184 1780 Pausaniam
3232 1712 3292 1781 in
3340 1712 3571 1781 urbem

673 1826 916 1896 inducit
970 1828 1223 1897 Curtius
1287 1838 1510 1918 utpote
1567 1846 1713 1896 eam
1761 1828 1928 1896 uiam
1977 1839 2360 1918 sequentem
2410 1849 2583 1919 quae
2631 1829 2834 1897 altero
2882 1852 2945 1918 p.
2996 1828 3142 1896 Chr.
3190 1852 3251 1896 11.
3299 1829 3571 1897 saeculo

667 1943 989 2011 tritissima
1035 1944 1224 2012 suerit
1255 1944 1532 2033 pedibus
1567 1944 1742 2033 uolgi
1787 1966 1826 2011 e
1874 1956 2067 2033 portu
2111 1943 2175 2011 in
2207 1943 2437 2015 urbem
2469 1944 2923 2021 commeantis,
2974 1966 3054 2013 ex
3096 1966 3179 2013 eo
3213 1944 3570 2013 clarissime

669 2081 991 2149 apparere
1034 2060 1182 2127 mihi
1223 2060 1479 2129 uidetur
1511 2060 1694 2150 quod
1741 2061 2150 2150 angiportum
2195 2060 2279 2129 ab
2328 2073 2604 2151 utroque
2649 2061 2853 2130 latere
2901 2062 3258 2150 porticibus
3289 2060 3574 2132 cinctum

673 2197 711 2243 a
759 2186 945 2265 porta
990 2196 1121 2266 qua
1167 2176 1503 2263 ingressus
1556 2176 1637 2245 sit
1680 2175 1766 2245 ad
1811 2177 2214 2246 Ceramicum
2261 2198 2474 2267 usque
2520 2176 2846 2267 pertinere
2906 2188 3174 2245 testatur
3219 2176 3575 2247 Pausanias

675 2298 756 2372 (e.
807 2291 868 2369 2,
920 2290 1007 2378 4),
1057 2313 1202 2359 cum
1237 2293 1519 2384 Dipylon
1566 2294 1629 2361 in
1676 2292 1820 2382 ipso
1868 2292 2182 2361 Ceramici
2229 2292 2546 2361 interioris
2594 2293 2809 2363 limine
2851 2293 3131 2382 positum
3176 2293 3378 2361 fuisse
3419 2294 3575 2363 satis

672 2419 944 2476 constet.
1038 2407 1231 2488 Quod
1292 2419 1743 2498 argumentum
1800 2419 1868 2477 ut
1921 2407 2068 2477 mihi
2126 2408 2392 2500 quidem
2442 2409 2699 2477 uidetur
2745 2409 3211 2480 ualidissimum
3267 2410 3352 2478 ita
3411 2431 3573 2478 sane

672 2523 922 2592 amoliri
967 2536 1241 2593 conatus
1288 2536 1388 2593 est
1434 2523 1687 2594 Curtius
1736 2522 1803 2613 (l.
1852 2525 1891 2593 1.
1939 2548 2003 2614 p.
2061 2521 2138 2590 16
2183 2528 2266 2606 s.)
2315 2537 2382 2593 ut
2428 2547 2664 2595 nomen
2710 2526 2890 2617 quod
2939 2536 3041 2595 est
3095 2520 3133 2593 ὁ
3179 2523 3577 2612 Κεραμεικός

676 2640 1001 2731 duplicem
1048 2641 1306 2709 Athenis
1362 2663 1629 2710 sensum
1675 2640 2034 2710 obtinuisse
2082 2640 2537 2712 contenderet:
2600 2641 2919 2721 latiorem,
2969 2664 3101 2733 quo
3149 2653 3348 2712 totam
3391 2642 3574 2712 urbis

674 2769 925 2847 partem
970 2778 1009 2825 a
1053 2756 1379 2825 radicibus
1424 2758 1593 2825 arcis
1635 2779 1845 2848 nsque
1893 2757 1977 2825 ad
2027 2757 2289 2826 limitem
2333 2757 2514 2825 urbis
2561 2758 3132 2847 septentrionalem
3151 2757 3198 2846 ¹)
3244 2770 3574 2848 patentem

677 2873 1085 2962 significaret,
1135 2885 1199 2941 et
1227 2873 1632 2954 strictiorem,
1682 2894 1815 2964 quo
1862 2874 2074 2942 solum
2107 2875 2316 2942 forum
2356 2874 2726 2956 denotaret3
2774 2884 2839 2942 at
2876 2873 3002 2943 1100
3034 2874 3174 2943 11110
3207 2874 3383 2944 11111111
3416 2895 3577 2943 0011-

676 2989 966 3056 tendisse
1013 3010 1268 3058 mecum
1318 2989 1700 3079 pernegabit
1745 2991 2119 3081 quicunque
2153 3001 2458 3059 accurate
2506 2991 2967 3059 examinauerit
3025 3011 3143 3059 eos
3190 3003 3256 3059 et
3300 2992 3579 3080 scripto-

678 3128 819 3174 rum
866 3117 932 3173 et
983 3106 1306 3174 titulorum
1372 3118 1665 3176 ueterum
1728 3107 1913 3180 locos
1961 3107 2020 3175 in
2085 3106 2322 3197 quibus
2386 3107 2699 3175 Ceramici
2744 3107 2985 3177 mentio
3032 3107 3119 3177 fit.
3200 3110 3360 3176 Nam
3395 3107 3578 3199 quod

679 3222 849 3291 haud
898 3244 1042 3292 raro
1100 3222 1396 3292 aedificia
1451 3224 1557 3291 uel
1603 3235 1851 3292 statuae
1894 3246 2061 3314 quas
2107 3237 2218 3294 aut
2262 3224 2324 3291 in
2370 3224 2515 3313 ipso
2563 3225 2702 3293 soro
2752 3237 2861 3295 aut
2905 3225 2990 3294 ad
3038 3225 3153 3293 sori
3203 3226 3404 3294 latera
3449 3247 3574 3316 po·-

676 3340 835 3408 sitas
853 3340 1052 3409 luisse
1078 3353 1333 3409 constat
1359 3341 1418 3409 in
1445 3341 1780 3410 Ceramico
1806 3329 1967 3408 sitae
1993 3361 2147 3410 esse
2175 3340 2472 3409 dicuntur
2497 3378 2569 3389 --
2589 3341 2773 3410 cuius
2805 3344 3065 3430 generis
3097 3354 3246 3414 sunt
3277 3343 3578 3432 exempla

679 3478 715 3524 a
766 3460 1226 3526 Zestermanno
1282 3459 1425 3539 (Die
1482 3458 1740 3527 antiken
1800 3459 1932 3527 und
1999 3458 2105 3525 die
2154 3455 2562 3526 christlichen
2616 3457 2938 3526 Basiliken
2996 3480 3061 3548 p.
3121 3457 3234 3539 36)
3301 3460 3581 3528 collecta

680 3574 764 3640 ad
814 3594 984 3663 qnae
1034 3587 1352 3663 prouocat
1381 3574 1636 3643 Curtius
1687 3611 1767 3623 -
1815 3572 1964 3642 nihil
2021 3574 2194 3641 aliud
2243 3573 2476 3663 probat
2519 3572 2639 3641 nisi
2686 3574 2867 3665 quod
2917 3574 3087 3642 nulla
3130 3574 3390 3643 omnino
3425 3594 3580 3663 pro-

682 3690 943 3759 batione
988 3701 1167 3778 eget‚
1217 3690 1435 3757 locum
1485 3690 1544 3757 in
1591 3712 1720 3780 quo
1770 3692 1982 3780 posita
2029 3692 2113 3758 sit
2158 3691 2371 3781 aliqua
2419 3712 2527 3758 res
2573 3689 2658 3759 ab
2707 3690 2846 3758 aliis
2885 3692 3099 3788 gnagis
3148 3689 3230 3758 ab
3277 3690 3419 3757 aliis
3461 3688 3582 3758 mi-

680 3827 801 3874 nus
847 3817 1153 3875 accurate
1201 3804 1481 3888 definiri3
1555 3828 1876 3896 nusquam
1936 3827 2096 3874 uero
2162 3807 2347 3874 locus
2411 3806 2523 3896 qui
2586 3826 2741 3896 pars
2810 3817 2913 3874 est
2970 3805 3286 3876 Ceramioi
3354 3806 3583 3875 latiore

864 4053 905 4122 ¹)
941 4058 1097 4122 Quod
1138 4059 1355 4113 Curtius
1394 4055 1451 4126 (1.
1490 4060 1527 4111 l.
1567 4074 1616 4124 p.
1662 4063 1751 4121 16)
1791 4061 2043 4124 scripsit:
2086 4057 2229 4110 »Das
2267 4072 2438 4123 ganze
2474 4058 2874 4124 Stadtquartier
2909 4072 3034 4110 vom
3071 4059 3239 4110 Fusae
3276 4056 3375 4110 der
3413 4058 3584 4110 Akro-

684 4149 822 4213 polis
861 4149 942 4200 bis
980 4163 1046 4199 311
1086 4149 1174 4199 1110
1200 4149 1556 4214 Westgrn’nze
1595 4149 1693 4199 der
1730 4144 1920 4200 Stadt«
1964 4162 2072 4198 non
2113 4162 2331 4211 possum
2370 4149 2499 4213 quin
2539 4163 2730 4199 errore
2769 4147 2968 4199 sactum
3007 4162 3127 4199 esse
3164 4152 3417 4208 statuam,
3461 4162 3583 4199 cum

681 4240 1022 4290 ceramicum
1059 4253 1089 4290 a
1129 4239 1401 4289 radicibus
1438 4239 1580 4288 arcis
1627 4240 2057 4302 septentrionem
2099 4251 2289 4288 uersus
2338 4252 2510 4302 usque
2555 4238 2620 4288 ad
2670 4238 2906 4302 Dipylon
2959 4239 3312 4301 pertinuisse.
3374 4241 3584 4301 partem

684 4335 863 4380 autem
904 4329 1053 4378 urbis
1090 4299 1169 4378 ad
1194 4342 1447 4378 occasum
1487 4333 1819 4391 spectantem
1859 4328 2082 4379 Meliten
2124 4328 2306 4377 uicum
2346 4352 2413 4365 —
2453 4326 2521 4377 de
2558 4341 2666 4392 quo
2705 4328 2842 4377 mira
2879 4326 3140 4391 quaedam
3190 4341 3364 4391 nuper
3401 4333 3584 4390 protu-

680 4420 810 4471 lisse
849 4415 1095 4471 Curtium
1132 4417 1390 4483 deinceps
1429 4417 1732 4468 uidebimus
1774 4443 1836 4454 —-
1874 4419 2177 4470 obtinuisse
2215 4417 2535 4469 certissimis
2573 4417 2911 4483 argumentis
2946 4417 3018 4469 sit
3054 4415 3508 4469 demonstratum.
