4097 5080
1717 230 2157 299 ..11-

485 432 605 502 sita
651 430 875 511 fuisse,
920 429 1093 509 hunc
1125 440 1341 499 autem
1376 431 1611 499 cliuom
1645 431 1731 501 ad
1760 431 1977 499 uicum
2010 431 2153 499 siue
2182 430 2517 520 regionem
2551 429 2733 498 urbis
2763 451 2936 520 quae
2966 431 3176 500 Melite
3208 429 3390 501 dice-

481 548 673 618 batur
695 548 1084 639 pertinuisse
1102 559 1506 639 compertum
1531 547 1867 617 hahemus.
1916 548 2337 637 Harpocratio
2366 548 2533 616 enim
2558 547 2668 639 qui
2707 549 2790 632 (in
2821 569 2885 615 ιι.
2916 542 3388 632 Εὐρυσάκειον)

483 665 835 758 Eurysacis
867 665 1078 734 Aiacis
1110 663 1217 733 filii
1249 665 1464 732 sanum
1497 664 1558 732 in
1590 664 1696 732 illo
1731 665 1877 733 uico
1912 663 2000 747 (in
2034 685 2168 754 quo
2201 664 2412 753 ipsum
2435 666 2816 756 Eurysacen
2841 663 3169 733 habitasse
3201 665 3392 733 tradit

484 781 864 851 Plutarchus
911 781 1045 849 Sol.
1107 780 1214 866 10)
1250 781 1549 858 collocat,
1581 780 1783 849 altero
1819 780 1968 848 loco
2003 780 2093 864 (in
2129 781 2613 866 uxoamvacvag)
2660 780 2788 849 hoc
2819 783 3038 849 sanum
3068 802 3195 850 una
3240 803 3388 850 cum

484 899 725 987 templo
753 897 1016 967 Volcani
1052 897 1110 964 in
1144 897 1317 965 cliuo
1349 896 1466 964 fori
1500 897 1699 965 fuisse
1732 908 2034 980 testatum
2071 896 2318 965 scholia
2343 908 2556 965 autem
2588 898 2672 966 ad
2698 897 3141 987 Aristophanis
3172 898 3388 966 auium

484 1037 544 1082 u.
595 1011 723 1081 997
773 1013 1033 1092 docent,
1082 1013 1279 1102 uolgo
1326 1012 1587 1082 Athenis
1632 1024 1887 1102 partem
1921 1012 2100 1081 urbis
2133 1013 2319 1082 sitam
2354 1027 2504 1102 post
2532 1015 2851 1104 porticum
2885 1015 3144 1103 longam
3181 1013 3388 1105 (quod

483 1151 720 1200 nomen
768 1129 1174 1198 referendum
1222 1151 1378 1198 esse
1425 1130 1509 1198 ad
1557 1150 1700 1198 eam
1749 1152 1920 1221 quae
1968 1130 2053 1199 ab
2101 1142 2367 1199 auctore
2427 1127 2979 1210 Πεισιανάκτειος,
3035 1152 3074 1198 a
3122 1131 3387 1219 picturis

484 1247 725 1339 quibus
773 1256 999 1315 ornata
1045 1257 1186 1315 erat
1232 1246 1507 1332 Ποικίλη
1555 1246 1912 1327 dicebatur,
1964 1268 2043 1315 ex
2091 1269 2173 1315 eo
2220 1258 2494 1336 apparet
2525 1246 2702 1337 quod
2735 1249 3075 1327 Metonem,
3124 1247 3208 1316 de
3255 1267 3388 1337 quo

482 1365 546 1431 in
594 1362 844 1432 scholio
892 1363 1250 1454 quaeritur,
1323 1385 1533 1453 prope
1581 1363 1749 1432 hanc
1811 1363 2143 1433 habitasse
2192 1363 2536 1451 constat)²)
2591 1356 2907 1430 Κολωνόν
2954 1362 3216 1441 dictam,
3265 1361 3388 1431 sed

484 1478 546 1547 in
609 1480 1084 1548 commentariis
1147 1480 1232 1548 de
1288 1482 1571 1549 terminis
1635 1481 1972 1570 regionum
2028 1480 2417 1550 urbanarum
2478 1480 2741 1571 publice
2795 1480 3053 1569 scriptis
3111 1476 3210 1565 (ἐν
3253 1484 3390 1556 τοῖς

485 1589 775 1681 ὁρισμοῖς
817 1598 933 1681 τῆς
974 1591 1245 1683 πόλεως)
1310 1608 1596 1666 notatum
1643 1618 1830 1679 esse,
1896 1607 2095 1666 totam
2155 1598 2322 1665 illam
2380 1597 2713 1685 regionem
2770 1618 2897 1688 qua
2960 1596 3152 1665 etiam
3205 1597 3389 1688 Pnyx

486 1710 1057 1802 comprehenditur
1101 1713 1436 1782 Meliten
1482 1735 1656 1783 esse.
1715 1717 1849 1782 lam
1896 1715 2037 1783 siue
2071 1717 2360 1808 Pnycem
2405 1735 2662 1782 mecum
2709 1713 2943 1782 collem
2993 1712 3383 1782 intellexeris

484 1829 991 1918 septentrionem
1036 1850 1271 1897 uersus
1329 1850 1366 1898 a
1424 1832 1653 1899 Museo
1709 1841 2082 1919 porrectum
2148 1832 2291 1899 siue
2355 1850 2504 1898 cum
2571 1829 2787 1898 Curtio
2849 1829 2913 1897 in
2978 1829 3122 1917 ipso
3179 1826 3384 1896 Musei

484 1945 656 2013 cliuo
692 1944 1011 2036 posueris,
1060 1943 1187 2013 hoc
1222 1944 1467 2014 fateare
1498 1965 1778 2015 necesse
1827 1947 1971 2028 erit,
2023 1946 2278 2015 Meliten
2325 1945 2828 2016 occidentem
2874 1966 3110 2013 uersus
3158 1965 3197 2012 a
3242 1945 3383 2013 soro

482 2061 669 2130 sitam
727 2061 927 2129 fuisse
983 2083 1201 2152 neque
1265 2063 1393 2130 ullo
1439 2063 1637 2131 modo
1701 2063 1961 2154 probari
2010 2084 2210 2153 posse
2256 2064 2435 2154 quod
2485 2062 2739 2129 Curtius
2787 2061 3155 2131 aedificium
3203 2060 3381 2152 quod

480 2177 642 2248 intra
687 2178 933 2247 Melites
977 2176 1143 2245 fines
1188 2178 1388 2246 fuisse
1450 2188 1705 2248 cons'tat
1758 2179 2072 2248 orientem
2123 2201 2355 2248 uersus
2403 2200 2440 2246 a
2502 2179 2643 2248 soro
2690 2178 2997 2247 collocat:
3058 2178 3169 2268 qui
3234 2197 3383 2244 cum

481 2295 632 2363 olim
680 2295 771 2381 (in
818 2295 1189 2364 Studiorum
1235 2297 1586 2365 Atticorum
1632 2308 1795 2387 part.
1842 2299 1887 2377 1,
1939 2320 2001 2387 p.
2053 2299 2092 2363 7
2143 2303 2259 2377 ss.)
2304 2297 2667 2365 rectissime
2724 2294 3054 2373 docuerit,
3126 2294 3380 2362 Meliten

479 2412 712 2483 collem
757 2412 1201 2505 Nympharum
1248 2413 1805 2503 conprehendisse
1850 2426 2044 2505 atque
2095 2415 2244 2484 inde
2290 2414 2626 2484 meridiem
2671 2435 2909 2482 uersus
2970 2411 3380 2503 pertinuisse,

479 2551 652 2599 nunc
696 2529 919 2599 uerbis
966 2529 1051 2599 de
1098 2530 1369 2599 consilio
1417 2543 1486 2600 ut
1530 2531 1790 2600 uidetur
1836 2532 2134 2602 obscuris
2181 2543 2369 2601 utens
2404 2531 2487 2600 ita
2534 2514 2757 2600 scribit
2803 2528 3012 2616 (Stud.
3046 2531 3165 2597 Att.
3211 2551 3274 2618 p.
3305 2529 3378 2608 Π,

481 2669 545 2737 p.
594 2645 728 2733 33).
827 2646 1019 2715 »Hier
1066 2646 1269 2738 (apud
1331 2648 1646 2717 Colonum
1706 2649 2031 2719 sorensem
2091 2672 2288 2741 quem
2347 2649 2626 2736 intellegi
2689 2647 2827 2716 uolt
2877 2645 3095 2715 locum
3155 2646 3384 2714 leniter

480 2764 797 2832 acclinem
844 2763 905 2831 in
952 2785 1085 2854 quo
1133 2764 1420 2853 porticus
1468 2765 1796 2836 Mineruae
1842 2765 2311 2857 Archegetidos
2370 2777 2470 2835 est
2516 2763 2888 2850 constituta)
2947 2768 3210 2852 granzte
3267 2761 3387 2830 der

482 2880 905 2950 Kerameikos
952 2902 1033 2950 an
1081 2881 1325 2961 Melite,
1399 2881 1680 2952 welches
1734 2883 1797 2951 in
1844 2905 2113 2970 grosser
2157 2884 2371 2953 Breite
2420 2884 2526 2951 die
2574 2881 2845 2971 Gegend
2893 2877 3210 2948 oberhalb
3260 2877 3381 2946 des

481 2996 721 3065 Markts
768 2996 900 3064 und
958 2997 1065 3066 die
1123 2995 1493 3066 Felshiihen
1551 2997 1671 3066 der
1729 2997 2070 3068 siidlichen
2122 2998 2309 3067 Stadt
2370 2998 2719 3065 umsasste«
2782 3017 2954 3088 quae
3010 2994 3217 3063 uerba
3276 3013 3380 3061 me

478 3113 708 3183 iterum
754 3114 1119 3205 iterumque
1165 3113 1407 3205 legisse
1454 3115 1576 3183 sed
1633 3138 1764 3185 non
1818 3116 2215 3185 intellexisse
2273 3116 2553 3206 ingenue
2613 3114 2957 3183 confiteor:
3031 3110 3381 3201 Oedipode

480 3232 650 3301 enim
697 3232 914 3324 aliquo
962 3254 1131 3322 opus
1179 3254 1333 3302 esse
1380 3232 1649 3302 dixerim
1683 3233 1767 3302 ad
1808 3233 2199 3302 soluendum
2233 3232 2357 3302 hoc
2391 3232 2712 3322 aenigma,
2762 3229 3094 3320 quomodo
3145 3227 3378 3296 eadem

480 3349 662 3436 regio
720 3349 911 3418 simul
967 3350 1171 3419 colles
1228 3370 1509 3418 saxosos
1554 3348 1735 3418 urbis
1783 3349 1866 3418 ad
1938 3349 2276 3417 meridiem
2333 3349 2664 3439 uergeutis
2723 3358 2789 3416 et
2834 3346 3147 3415 Colonum
3200 3344 3380 3412 illum

483 3486 681 3555 quem
728 3466 981 3535 Curtius
1015 3466 1249 3552 statuit,
1300 3478 1434 3536 toto
1475 3464 1811 3536 Ceramico
1858 3466 2235 3555 interposito
2283 3465 2366 3534 ab
2412 3465 2534 3534 illis
2582 3464 2975 3544 seiunctum,
3039 3459 3385 3551 complecti

662 3748 703 3823 ¹)
742 3754 860 3819 Qua
896 3755 964 3808 de
998 3770 1153 3808 causa
1192 3758 1408 3810 Curtius
1447 3758 1508 3822 (1.
1546 3758 1582 3809 1.
1616 3773 1668 3823 p.
1696 3757 1788 3822 32)
1814 3754 2032 3824 μακρὰν
2072 3751 2238 3809 στοάν
2268 3755 2434 3808 Attali
2482 3757 2753 3821 porticum
2798 3754 3219 3821 intellegendam
3263 3767 3384 3806 esse

481 3847 782 3898 coniecerit
818 3848 1034 3906 nescim
1074 3847 1180 3898 boc
1215 3853 1397 3900 autem
1423 3849 1537 3900 scio
1574 3862 1683 3899 non
1713 3852 1864 3899 recte
1899 3862 2023 3899 eum
2052 3861 2251 3899 nomen
2286 3848 2427 3912 quod
2466 3851 2551 3898 est
2575 3838 2946 3908 α’λφιτόπωλις
2980 3846 3099 3895 sine
3138 3836 3385 3907 ἀλφίτων

478 3932 611 3987 στοά
650 3936 916 4003 (Eustatb.
954 3951 1007 4001 p.
1044 3944 1167 3998 868,
1208 3944 1300 3998 383
1344 3936 1412 3988 cs.
1442 3938 1675 3990 Bekkeri
1704 3937 1890 3989 anecd.
1930 3952 1981 4002 p.
2018 3944 2139 3998 385,
2180 3935 2270 4002 32)
2308 3937 2372 3987 ad
2409 3937 2550 3988 banc
2585 3937 2758 4001 ipsam
2799 3935 3070 3999 porticum
3114 3934 3386 3998 retulisse,

480 4041 603 4079 cum
641 4027 816 4078 multo
854 4017 980 4078 ante
1015 4025 1257 4078 Attalum
1299 4029 1568 4091 porticum
1597 4042 1735 4093 quae
1761 4020 2129 4091 ἅλφιτόκωλις
2152 4026 2432 4077 dicebatur
2457 4025 2682 4076 Athenis
2709 4023 2878 4075 tuisse
2914 4037 2977 4075 ex
3004 4021 3385 4087 Aristophanis

479 4115 681 4168 Eccles.
720 4131 771 4167 ιι.
813 4123 914 4170 686
965 4121 1195 4168 constet.
1266 4116 1403 4169 Mihi
1460 4131 1595 4169 uero
1651 4131 1975 4184 quamquam
2031 4131 2142 4168 non
2199 4123 2408 4168 certum
2461 4121 2516 4167 at
2567 4114 2706 4166 band
2746 4114 3109 4178 improbabile
3147 4113 3388 4171 uidetur,

483 4205 588 4258 hoc
623 4219 840 4272 quoque
877 4220 1077 4259 nomen
1115 4206 1182 4258 ad
1210 4207 1462 4259 Poecilen
1500 4222 1659 4273 quam
1698 4209 1886 4259 dicunt
1922 4220 2043 4260 esse
2084 4189 2449 4262 referendum.
2488 4211 2549 4256 ut
2584 4206 2725 4256 banc
2749 4218 2779 4256 a
2805 4205 3111 4255 Pisianacte
3136 4205 3202 4255 ab
3230 4201 3386 4257 initio

487 4299 544 4349 in
580 4310 736 4347 usum
765 4297 1247 4348 frumentariorum
1274 4298 1547 4349 conditam
1574 4312 1695 4350 esse
1720 4298 1954 4364 indeque
1981 4299 2146 4349 etiam
2174 4297 2505 4366 commercio
2531 4295 2791 4347 frumenti
2820 4295 3109 4347 Piraeeum
3139 4294 3387 4345 traducto

488 4386 580 4437 ubi
617 4386 856 4437 Pericles
893 4399 1092 4437 nouam
1132 4389 1402 4450 porticum
1442 4387 1851 4440 frumentariam
1891 4388 2156 4440 exstruxit
2203 4401 2341 4452 qnae
2387 4388 2504 4451 ipsa
2551 4398 2768 4451 quoque
2814 4389 2871 4437 et
2914 4377 3100 4449 μακρὰ
3149 4378 3285 4434 στοά
3334 4388 3390 4434 et

487 4466 855 4541 ἄλφιτόπωλις
890 4476 1034 4528 dicta
1072 4481 1156 4528 est
1193 4473 1267 4545 (u.
1305 4478 1587 4529 Demostb.
1628 4479 1683 4530 in
1721 4478 1941 4538 Phorm.
1982 4492 2033 4545 p.
2074 4483 2204 4537 9183
2246 4476 2416 4527 schol.
2456 4476 2728 4540 Aristopb.
2780 4474 3015 4528 Acbarn.
3064 4469 3189 4544 548)
3228 4477 3387 4526 uetus

488 4579 691 4620 nomen
728 4565 779 4617 el
817 4567 1145 4620 remansisse
1182 4572 1500 4620 statuamus.
