4097 5080
1885 234 2327 304 ...14-

658 438 1067 529 temporibus
1111 435 1456 526 magnifico
1506 445 1735 504 ornatu
1783 434 2112 503 conditum
2160 454 2312 502 esse
2359 431 2538 522 fingit
2582 434 2686 515 (cs.
2730 431 2773 500 l.
2805 433 2845 499 l.
2878 454 2942 522 p.
2975 431 3063 499 54
3094 435 3231 514 ss).
3280 431 3471 514 Quod
3508 433 3564 501 si

656 557 824 625 haec
871 556 1098 646 partim
1147 553 1406 643 antiqua
1454 552 1577 619 aed
1627 551 1750 618 iam
1800 550 2047 619 dudum
2097 551 2396 639 explosa,
2462 551 2692 639 partim
2756 571 3029 640 prorsus
3082 568 3253 617 noua
3301 548 3561 617 miratus

660 672 1022 767 quaesieris
1069 671 1245 741 unde
1293 670 1583 738 hauserit
1629 669 1905 748 Curtius
1959 668 2269 737 offeretur
2315 667 2424 736 tihi
2459 666 2832 736 notissimus
2864 667 2970 734 ille
3003 664 3339 735 Strabonis
3375 665 3563 734 locus

662 789 742 879 (X
787 812 853 880 p.
907 786 1059 869 447)
1110 786 1195 854 (16
1243 786 1486 854 Eretria
1534 782 1904 853 Atheniensi
1951 806 2124 877 quae
2172 806 2344 853 nunc
2391 787 2561 866 (νῦν)
2618 785 2698 853 sit
2744 783 2981 861 forum,
3050 804 3131 850 ex
3185 804 3317 873 quo
3377 772 3564 872 quic-

660 928 856 998 quam
905 905 988 973 (16
1034 904 1173 973 foro
1237 925 1411 972 nouo
1475 902 1909 971 Romanorum
1967 903 2228 971 demum
2287 901 2690 991 temporibus
2751 901 3014 970 condito
3080 899 3294 988 colligi
3361 920 3563 988 posse

659 1032 838 1091 recte
887 1022 1036 1091 olim
1085 1019 1349 1107 negauit
1387 1017 1968 1087 Forchhammerus
2017 1019 2320 1107 (Topogr.
2355 1040 2415 1084 v.
2449 1016 2652 1086 Athen
2700 1040 2763 1107 p.
2811 1014 2949 1101 54):
2999 1028 3065 1085 at
3107 1016 3337 1083 frustra
3387 1014 3561 1084 aliud

659 1138 1073 1231 quantumuis
1117 1148 1314 1206 tenue
1360 1135 1790 1204 testimonium
1847 1135 2369 1224 circumspicies3
2438 1135 2588 1202 nihil
2651 1146 2716 1203 te
2782 1133 3091 1225 expediet
3151 1153 3232 1201 ex
3290 1153 3371 1201 ea
3432 1152 3562 1222 qua

657 1255 868 1322 statim
915 1264 978 1323 te
1023 1253 1394 1345 implicitum
1443 1252 1685 1320 senties
1753 1252 2160 1330 difficultate,
2234 1252 2566 1344 quomodo
2631 1251 2988 1320 Pausanias
3047 1249 3423 1339 simpliciter
3468 1249 3563 1317 (16

659 1372 831 1440 soro
881 1369 1082 1438 uerba
1132 1372 1350 1438 facere
1406 1345 1691 1459 potuerit
1752 1370 1859 1453 (cf.
1917 1390 1975 1437 c.
2037 1371 2146 1449 17,
2223 1369 2255 1436 1
2321 1364 2692 1455 Ἀθηναίοις
2745 1366 2815 1436 δὲ
2870 1366 2941 1434 ἐν
2991 1370 3080 1455 τῇ
3139 1362 3404 1456 ἀγορᾷ
3454 1364 3562 1432 καὶ

656 1471 824 1553 ἄλλα
871 1483 1044 1552 ἐστίν
1089 1497 1154 1554 et
1198 1484 1354 1556 ibid.
1427 1487 1466 1552 2
1514 1484 1586 1552 ἐν
1639 1488 1731 1576 τῷ
1773 1486 2109 1577 γυμνασίῳ
2176 1489 2314 1572 τῆς
2371 1481 2661 1571 ἀγορᾶς
2714 1480 3016 1571 ἀπέχοντι
3069 1478 3150 1549 οὐ
3207 1478 3433 1571 πολὺ).
3507 1482 3562 1551 si

657 1613 921 1692 praeter
965 1600 1093 1671 hoc
1139 1601 1320 1692 quod
1370 1601 1719 1691 descripsit
1761 1603 1969 1670 sorum
2018 1590 2287 1670 alterum
2335 1612 2474 1670 erat
2518 1612 2584 1669 et
2628 1599 2953 1669 recentius
3009 1609 3451 1669 constructum
3499 1611 3566 1667 et

657 1716 887 1789 usibus
933 1717 1168 1787 ciuium
1217 1719 1421 1807 magis
1472 1726 1667 1809 quain
1727 1719 2047 1788 uetustius
2110 1719 2491 1788 inseruiens.
2564 1720 2630 1786 Si
2678 1730 2894 1787 autem
2938 1717 3066 1786 hoc
3111 1736 3196 1784 eo
3241 1735 3560 1784 excusare

658 1846 937 1904 conetur
982 1833 1237 1903 Curtius
1285 1835 1460 1926 quod
1510 1836 1701 1903 etiam
1746 1835 2257 1927 antiquissimum
2302 1836 2507 1904 forum
2555 1857 2593 1903 a
2624 1834 2944 1904 Pausania
2987 1853 3261 1922 prorsus
3292 1831 3563 1921 neglec-

655 1964 790 2022 tum
838 1973 991 2021 esse
1038 1952 1410 2033 uideamus,
1483 1953 1697 2043 quiuis
1757 1953 2156 2041 respondeat
2215 1973 2298 2020 eo
2346 1964 2638 2041 tempore
2695 1972 2827 2043 quo
2874 1949 3230 2019 Pausanias
3277 1946 3559 2017 Athenas

658 2069 1015 2139 uisitauerit
1088 2068 1214 2138 hoc
1284 2070 1490 2138 sorum
1554 2089 1591 2136 6
1654 2069 1962 2138 memoria
2022 2067 2351 2136 hominum
2410 2089 2682 2157 prorsus
2744 2065 3051 2135 abolitum
3113 2066 3333 2133 fuisse.
3427 2063 3557 2133 Sed

656 2187 907 2256 leuiore
955 2185 1147 2255 etiam
1194 2185 1247 2253 si
1293 2185 1431 2254 fieri
1477 2198 1695 2275 potest
1738 2186 1844 2255 uel
1874 2186 2090 2275 'potius
2122 2184 2298 2252 nulla
2330 2184 2589 2253 omnino
2620 2183 2877 2251 testium
2910 2182 3289 2251 auctoritate
3320 2180 3563 2249 munita

656 2314 806 2371 sunt
850 2324 928 2372 ea
974 2320 1148 2394 quae
1195 2303 1448 2372 Curtius
1497 2303 1581 2371 de
1630 2314 1945 2396 prytaneo
1994 2299 2363 2370 Atheniensi
2411 2300 2772 2390 elegantius
2820 2319 3014 2390 quam
3057 2298 3279 2367 uerius
3310 2309 3382 2365 ut
3409 2295 3560 2364 mihi

656 2419 914 2487 uidetur
961 2430 1196 2487 narrat.
1290 2422 1497 2488 Nemo
1558 2419 1807 2488 scilicet
1860 2430 2156 2487 ueterum
2216 2417 2299 2487 (16
2355 2416 2616 2486 duobus
2674 2417 3009 2510 prytaneis
3069 2437 3239 2506 quae
3298 2415 3559 2485 Athenis

656 2537 908 2614 suerint,
960 2558 1153 2606 nemo
1201 2537 1286 2606 (16
1335 2549 1654 2630 prytaneo
1704 2537 1763 2606 in
1812 2535 2210 2606 meridionali
2260 2534 2438 2604 urbis
2485 2545 2671 2625 parte
2702 2533 2845 2614 sito,
2895 2555 3086 2603 nemo
3119 2526 3204 2604 vde
3236 2546 3558 2626 prytaneo

608 2652 616 2661 '
659 2654 966 2723 Romanis
1012 2654 1414 2745 temporibus
1460 2665 1751 2723 extructo
1798 2655 2148 2746 quicquam
2196 2653 2548 2722 memoriae
2591 2651 2949 2720 mandauit:
3011 2662 3077 2719 at
3121 2652 3373 2719 Curtius
3407 2671 3558 2719 cum

664 2793 738 2841 »a
784 2772 1073 2861 priore«,
1120 2783 1192 2840 ut
1238 2770 1770 2862 philosophorum
1817 2770 2027 2841 uerbo
2074 2782 2234 2850 utar,
2283 2769 2450 2838 hanc
2482 2769 2867 2837 sententiam
2909 2767 3342 2857 proposuerit,
3395 2790 3560 2861 pry-

656 2899 918 2957 taneum
963 2910 1002 2956 a
1050 2889 1189 2957 soro
1223 2888 1474 2977 seiungi
1508 2910 1635 2956 non
1669 2908 1899 2977 posse,
1960 2885 2082 2955 sed
2129 2898 2447 2976 prytanea
2494 2884 2789 2977 (ubique)
2837 2904 3036 2973 supra
3085 2883 3265 2974 ipsos
3312 2884 3434 2954 sori
3481 2883 3559 2951 li-

654 3005 845 3073 mites
890 3005 1103 3095 posita
1150 3005 1386 3085 fuisse,
1452 3004 1714 3073 Athenis
1760 3024 2026 3095 quoque
2075 3023 2213 3071 rem
2260 3022 2390 3070 non
2437 3002 2623 3070 aliter
2667 3023 2741 3070 se
2788 2999 3100 3071 habuisse
3147 2996 3276 3071 non
3325 3000 3561 3092 probat

655 3120 776 3190 sed
822 3120 1044 3202 sumit,
1117 3132 1355 3212 etqua
1419 3132 1520 3188 est
1579 3120 1811 3209 ingenii
1873 3118 2192 3198 sollertia,
2266 3118 2536 3186 alterum
2601 3129 2990 3210 prytaneum
3046 3115 3249 3209 (quod
3313 3118 3557 3186 nullum

654 3237 789 3321 suit)
835 3236 919 3305 ad
967 3238 1171 3306 sorum
1219 3236 1399 3329 quod
1444 3257 1679 3305 reuera
1726 3237 1874 3306 olim
1922 3236 2256 3304 exstiterat
2297 3234 2636 3315 admouet,
2687 3235 2770 3303 ad
2819 3236 3092 3304 alterum
3147 3245 3554 3327 prytaneum,

654 3355 833 3445 quod
879 3376 1088 3444 prope
1135 3354 1675 3444 septentrionales
1723 3352 1893 3421 arcis
1957 3353 2218 3421 radices
2275 3352 2465 3420 situm
2524 3351 2725 3420 fuisse
2769 3351 3136 3420 Pausaniae
3191 3351 3554 3420 testimonio

655 3481 940 3550 constat,
1012 3471 1216 3540 sorum
1284 3470 1547 3561 aliquod
1595 3471 1951 3538 Romanum
1999 3470 2104 3537 uel
2154 3469 2370 3560 potius
2418 3469 2788 3537 Curtianum
2835 3468 2920 3537 (16
2968 3488 3091 3535 suo
3138 3469 3391 3536 extruit.
3483 3470 3560 3537 At

654 3588 711 3655 si
741 3587 1108 3657 accuratius
1141 3586 1723 3657 examinauerimus
1755 3586 2150 3675 scriptorum,
2173 3587 2631 3675 titulorumque
2659 3596 3059 3653 uetustorum
3100 3585 3185 3652 (16
3223 3584 3557 3676 prytaneis

652 3703 1015 3773 testimonia
1066 3716 1216 3794 post
1262 3702 1724 3793 Spanhemium
1770 3703 2068 3793 aliosque
2117 3724 2153 3770 a
2199 3703 2385 3795 Pylio
2439 3702 2580 3784 (Die
2625 3700 3076 3791 griechischen
3125 3700 3557 3771 Rundbauten

656 3842 720 3910 p.
753 3819 860 3887 89.
892 3845 955 3888 n.
980 3817 1055 3908 †)
1088 3831 1283 3911 atque
1315 3841 1352 3887 a
1392 3821 1727 3887 Preunero
1770 3819 2247 3903 (Bestia-Vesta
2280 3842 2344 3909 p.
2380 3818 2464 3886 95
2497 3819 2617 3904 ss.)
2666 3817 3029 3905 collecta‚¹)
3079 3817 3163 3886 de
3198 3839 3554 3908 paucorum

653 3948 896 4005 tantum
940 3948 1013 4005 ut
1056 3936 1121 4003 in
1166 3957 1401 4025 magno
1448 3957 1720 4004 numero
1768 3921 2234 4027 prytaneorum
2282 3937 2404 4004 situ
2464 3936 2702 4005 certius
2749 3936 2989 4027 aliquid
3050 3935 3350 4005 traditum
3404 3955 3556 4003 esse

655 4051 1045 4133 uidebimuS,
1095 4073 1247 4120 esse
1294 4063 1511 4121 autem
1556 4054 1719 4120 inter
1766 4050 1931 4120 haec
1977 4053 2083 4120 uix
2115 4075 2310 4119 unum
2344 4053 2703 4156 alterumue
2745 4053 2927 4145 quod
2958 4053 3041 4122 ad
3091 4053 3302 4142 ipsum
3349 4053 3556 4122 sorum

654 4167 849 4236 situm
893 4166 1094 4235 fuisse
1142 4168 1571 4237 demonstrari
1604 4169 1829 4257 possit.
1895 4170 2005 4249 lta,
2053 4180 2125 4237 ut
2155 4168 2422 4238 missum
2455 4172 2682 4241 faciam
2718 4181 3107 4263 prytaneum
3140 4170 3555 4262 Olympicum

834 4435 875 4507 ι)
913 4439 1055 4494 Addt
1094 4445 1277 4505 potant
1315 4446 1638 4508 prytaneum
1675 4444 1826 4495 urhis
1864 4444 2139 4510 Argorum
2177 4458 2207 4495 a
2245 4443 2405 4496 Diod.
2445 4444 2597 4502 xlx,
2635 4445 2703 4495 68
2740 4450 3250 4498 commemoratum.
